4442 5900
2012 612 2275 680 tionem
2310 612 2431 670 libi
2473 612 2940 671 conciliauerit
2968 651 2989 684 ,
3033 612 3377 700 praecipue

2013 705 2204 777 illius
2238 701 2569 772 editiones
2606 721 2808 796 atque
2863 701 3422 798 interpretatione

2017 805 2148 877 diit
2179 803 2297 874 ille
2328 799 2587 894 anglice
2620 799 2919 870 Londini
2970 819 3400 877 mnaxxm.

2015 901 2236 976 mvndi
2303 895 2705 998 praefatione
2766 926 2838 972 ae
2915 901 3281 974 conuersus
3362 899 3422 976 fi

2016 1005 2327 1100 gallicam
2350 1057 2369 1088 ,
2416 1001 2742 1094 belgicam
2765 1057 2785 1093 ‚
2823 1005 3293 1094 germanicam.

2013 1106 2309 1178 Salmur.
2358 1119 2759 1174 MDCLxxx.
2808 1115 2875 1186 8.
2975 1103 3419 1178 Get-manicat

2014 1227 2268 1278 nouem
2316 1205 2785 1276 numerantur.
2907 1205 3223 1299 inprimis
3286 1230 3361 1277 ea
3396 1260 3417 1289 ,

2015 1304 2365 1383 laudatur,
2430 1326 2579 1398 quae
2624 1299 2745 1372 sub
2812 1304 3053 1375 titulo:
3141 1303 3359 1401 vbung
3420 1367 3422 1372 .

1971 1463 1988 1480 .
2013 1407 2124 1478 die
2155 1421 2397 1502 gantzc
2422 1400 2644 1498 psticht
2684 1400 2797 1470 des
2830 1402 3177 1503 mensi-ben,
3233 1404 3422 1479 Hafn

2011 1505 2347 1604 adspexit3
2404 1527 2649 1600 praeter
2686 1502 2855 1580 hane
2908 1530 3185 1596 autem,·
3258 1533 3422 1580 com]

2008 1596 2353 1682 M‘Dccxv.
2388 1615 2452 1686 8.
2580 1605 2686 1673 De
2720 1627 2994 1676 auctore
3032 1629 3135 1676 res
3184 1632 3321 1679 non
3383 1632 3420 1679 e

2009 1707 2337 1805 scriptum
2380 1701 2509 1774 hoc
2550 1705 2992 1776 monimentis
3016 1709 3417 1782 Hammond

2007 1810 2421 1904 opinantur3
2462 1828 2497 1872 a
2522 1801 2768 1898 quibus
2794 1829 3013 1877 tamen
3042 1807 3155 1877 alii
3182 1806 3417 1882 dissent

2004 1913 2350 1993 nituntur,
2394 1929 2545 2002 quae
2568 1903 3109 2002 probabilitatem
3154 1935 3293 1981 non
3338 1912 3422 1982 let

2001 2010 2446 2106 Explicantur
2469 2008 2541 2074 in
2565 2002 2742 2077 libro
2774 2006 2901 2076 hoc
2926 2003 3141 2079 officia
3168 2033 3326 2104 erga
3358 2011 3422 2083 dt

2002 2114 2193 2194 alios,
2221 2107 2498 2201 egregio
2520 2103 2759 2178 ordine
2796 2132 3179 2204 magnoque
3203 2137 3355 2184 cum
3380 2115 3422 2182 ii

2001 2207 2215 2282 iustus
2250 2207 2436 2277 locus
2455 2207 2519 2275 ei
2560 2209 2739 2276 inter
2776 2203 3013 2305 scripta
3048 2210 3422 2308 iurisprudt

1999 2312 2125 2382 dus
2144 2304 2274 2387 est,
2306 2303 2425 2376 nifi
2456 2330 2524 2376 et
2564 2307 2762 2379 illum
2791 2310 2972 2379 inter
3003 2306 3217 2382 libros
3242 2311 3422 2386 asceti

2121 2472 2543 2520 metuant
2602 2477 2964 2523 anxa-ant
3018 2451 3371 2550 weglvetser
3396 2477 3422 2524 2

1990 2547 2129 2623 «md
2147 2547 2545 2641 stittenlchre
2556 2607 2579 2645 ‚
2626 2549 2869 2620 darinn
2902 2551 3025 2622 der
3058 2559 3311 2646 tugend
3336 2549 3422 2626 loe
