<?xml version="1.0" encoding="UTF-8"?>
<!DOCTYPE html PUBLIC "-//W3C//DTD XHTML 1.0 Transitional//EN"
    "http://www.w3.org/TR/xhtml1/DTD/xhtml1-transitional.dtd">
<html xmlns="http://www.w3.org/1999/xhtml" xml:lang="en" lang="en">
 <head>
  <title>
</title>
<meta http-equiv="Content-Type" content="text/html;charset=utf-8" />
  <meta name='ocr-system' content='tesseract 3.04.00' />
  <meta name='ocr-capabilities' content='ocr_page ocr_carea ocr_par ocr_line ocrx_word'/>
</head>
<body>
  <div class='ocr_page' id='page_1' title='image "./iogeorgiiwalchi01walcgoog/iogeorgiiwalchi01walcgoog_0649.png"; bbox 0 0 4442 5900; ppageno 0'>
   <div class='ocr_carea' id='block_1_1' title="bbox 627 799 1581 943">
    <p class='ocr_par' dir='ltr' id='par_1_1' title="bbox 627 799 1581 943">
     <span class='ocr_line' id='line_1_1' title="bbox 627 799 1581 892; baseline 0.018 -39"><span class='ocrx_word' id='word_1_1' title='bbox 627 799 882 857; x_wconf 74' lang='lat' dir='ltr'>ottrannus.</span> <span class='ocrx_word' id='word_1_2' title='bbox 907 806 1195 857; x_wconf 77' lang='lat' dir='ltr'>tvtnaaanoa.</span> <span class='ocrx_word' id='word_1_3' title='bbox 1221 812 1393 864; x_wconf 72' lang='lat' dir='ltr'>nonest.</span> <span class='ocrx_word' id='word_1_4' title='bbox 1505 806 1581 892; x_wconf 85' lang='lat'>637</span> 
     </span>
     <span class='ocr_line' id='line_1_2' title="bbox 627 907 1550 943; baseline 0.017 -15"><span class='ocrx_word' id='word_1_5' title='bbox 627 907 1550 943; x_wconf 48' lang='lat' dir='ltr'>mm„-</span> 
     </span>
    </p>
   </div>
   <div class='ocr_carea' id='block_1_2' title="bbox 621 964 1577 4774">
    <p class='ocr_par' dir='ltr' id='par_1_2' title="bbox 624 964 1577 3486">
     <span class='ocr_line' id='line_1_3' title="bbox 627 964 1574 1067; baseline 0.005 -32"><span class='ocrx_word' id='word_1_6' title='bbox 627 988 651 1035; x_wconf 73' lang='lat' dir='ltr'>u</span> <span class='ocrx_word' id='word_1_7' title='bbox 682 971 853 1047; x_wconf 76' lang='lat' dir='ltr'>interime,</span> <span class='ocrx_word' id='word_1_8' title='bbox 875 984 1039 1039; x_wconf 79' lang='lat' dir='ltr'><strong>MDXLIX.</strong></span> <span class='ocrx_word' id='word_1_9' title='bbox 1066 988 1105 1061; x_wconf 87' lang='lat'>4.</span> <span class='ocrx_word' id='word_1_10' title='bbox 1133 968 1150 1005; x_wconf 78' lang='lat'><strong><em>⁴</em></strong></span> <span class='ocrx_word' id='word_1_11' title='bbox 1181 964 1241 1035; x_wconf 83' lang='lat' dir='ltr'>der</span> <span class='ocrx_word' id='word_1_12' title='bbox 1265 964 1431 1067; x_wconf 76' lang='lat' dir='ltr'>aussprttcb</span> <span class='ocrx_word' id='word_1_13' title='bbox 1456 972 1513 1042; x_wconf 83' lang='lat' dir='ltr'>det</span> <span class='ocrx_word' id='word_1_14' title='bbox 1527 972 1574 1043; x_wconf 73' lang='lat' dir='ltr'>lu·-</span> 
     </span>
     <span class='ocr_line' id='line_1_4' title="bbox 627 1060 1577 1165; baseline 0.003 -27"><span class='ocrx_word' id='word_1_15' title='bbox 627 1065 733 1152; x_wconf 65' lang='lat' dir='ltr'>nden</span> <span class='ocrx_word' id='word_1_16' title='bbox 759 1065 820 1137; x_wconf 82' lang='lat' dir='ltr'>der</span> <span class='ocrx_word' id='word_1_17' title='bbox 857 1060 1035 1157; x_wconf 73' lang='lat' dir='ltr'>vorlnteffer</span> <span class='ocrx_word' id='word_1_18' title='bbox 1080 1063 1137 1136; x_wconf 83' lang='lat' dir='ltr'>der</span> <span class='ocrx_word' id='word_1_19' title='bbox 1167 1064 1379 1165; x_wconf 72' lang='lat' dir='ltr'>leipzigtsthen</span> <span class='ocrx_word' id='word_1_20' title='bbox 1417 1080 1577 1158; x_wconf 76' lang='lat' dir='ltr'>interim,</span> 
     </span>
     <span class='ocr_line' id='line_1_5' title="bbox 627 1164 1577 1267; baseline 0.006 -30"><span class='ocrx_word' id='word_1_21' title='bbox 627 1168 704 1237; x_wconf 80' lang='lat' dir='ltr'>ulle</span> <span class='ocrx_word' id='word_1_22' title='bbox 724 1165 787 1237; x_wconf 82' lang='lat' dir='ltr'>des</span> <span class='ocrx_word' id='word_1_23' title='bbox 812 1164 1130 1259; x_wconf 68' lang='lat' dir='ltr'>antichriJlt,M1)L.</span> <span class='ocrx_word' id='word_1_24' title='bbox 1157 1188 1194 1260; x_wconf 85' lang='lat'>4.</span> <span class='ocrx_word' id='word_1_25' title='bbox 1219 1190 1278 1237; x_wconf 86' lang='lat' dir='ltr'>von</span> <span class='ocrx_word' id='word_1_26' title='bbox 1303 1168 1362 1239; x_wconf 83' lang='lat' dir='ltr'>der</span> <span class='ocrx_word' id='word_1_27' title='bbox 1383 1174 1577 1267; x_wconf 76' lang='lat' dir='ltr'>graetlinlen</span> 
     </span>
     <span class='ocr_line' id='line_1_6' title="bbox 626 1262 1576 1369; baseline 0.009 -30"><span class='ocrx_word' id='word_1_28' title='bbox 626 1262 969 1364; x_wconf 79' lang='lat' dir='ltr'>,zloietra&#39;cht‚secten</span> <span class='ocrx_word' id='word_1_29' title='bbox 978 1263 1226 1367; x_wconf 73' lang='lat' dir='ltr'>derpalstayeben</span> <span class='ocrx_word' id='word_1_30' title='bbox 1235 1268 1383 1363; x_wconf 78' lang='lat' dir='ltr'>religion,</span> <span class='ocrx_word' id='word_1_31' title='bbox 1394 1292 1515 1347; x_wconf 68' lang='lat' dir='ltr'>mmlx</span> <span class='ocrx_word' id='word_1_32' title='bbox 1541 1302 1576 1369; x_wconf 87' lang='lat'>4.</span> 
     </span>
     <span class='ocr_line' id='line_1_7' title="bbox 639 1368 1574 1467; baseline 0.006 -26"><span class='ocrx_word' id='word_1_33' title='bbox 639 1370 734 1444; x_wconf 76' lang='lat' dir='ltr'>ntia.</span> <span class='ocrx_word' id='word_1_34' title='bbox 788 1368 970 1441; x_wconf 85' lang='lat' dir='ltr'>Sciendum</span> <span class='ocrx_word' id='word_1_35' title='bbox 983 1368 1274 1467; x_wconf 86' lang='lat' dir='ltr'>tamenell,quum</span> <span class='ocrx_word' id='word_1_36' title='bbox 1289 1368 1574 1447; x_wconf 83' lang='lat' dir='ltr'>huiusmodileri·</span> 
     </span>
     <span class='ocr_line' id='line_1_8' title="bbox 626 1466 1574 1564; baseline 0.002 -21"><span class='ocrx_word' id='word_1_37' title='bbox 626 1466 677 1543; x_wconf 82' lang='lat' dir='ltr'>fit</span> <span class='ocrx_word' id='word_1_38' title='bbox 697 1472 815 1557; x_wconf 84' lang='lat' dir='ltr'>ratio,</span> <span class='ocrx_word' id='word_1_39' title='bbox 844 1492 882 1539; x_wconf 83' lang='lat' dir='ltr'>vt</span> <span class='ocrx_word' id='word_1_40' title='bbox 895 1491 929 1539; x_wconf 85' lang='lat' dir='ltr'>et</span> <span class='ocrx_word' id='word_1_41' title='bbox 941 1467 981 1539; x_wconf 90' lang='lat' dir='ltr'>ad</span> <span class='ocrx_word' id='word_1_42' title='bbox 992 1466 1214 1564; x_wconf 79' lang='lat' dir='ltr'>augustanum</span> <span class='ocrx_word' id='word_1_43' title='bbox 1232 1478 1363 1541; x_wconf 82' lang='lat' dir='ltr'>interim</span> <span class='ocrx_word' id='word_1_44' title='bbox 1384 1496 1418 1543; x_wconf 88' lang='lat' dir='ltr'>et</span> <span class='ocrx_word' id='word_1_45' title='bbox 1434 1474 1474 1543; x_wconf 83' lang='lat' dir='ltr'>ed</span> <span class='ocrx_word' id='word_1_46' title='bbox 1488 1476 1574 1545; x_wconf 79' lang='lat' dir='ltr'>idia-</span> 
     </span>
     <span class='ocr_line' id='line_1_9' title="bbox 638 1564 1573 1669; baseline 0.004 -26"><span class='ocrx_word' id='word_1_47' title='bbox 638 1566 857 1664; x_wconf 57' lang='lat' dir='ltr'>dcfensotes</span> <span class='ocrx_word' id='word_1_48' title='bbox 872 1566 1039 1667; x_wconf 82' lang='lat' dir='ltr'><strong>spectent,</strong></span> <span class='ocrx_word' id='word_1_49' title='bbox 1062 1594 1135 1641; x_wconf 88' lang='lat' dir='ltr'>rem</span> <span class='ocrx_word' id='word_1_50' title='bbox 1149 1564 1320 1642; x_wconf 82' lang='lat' dir='ltr'>difficilem</span> <span class='ocrx_word' id='word_1_51' title='bbox 1340 1570 1421 1662; x_wconf 84' lang='lat' dir='ltr'>elle,</span> <span class='ocrx_word' id='word_1_52' title='bbox 1445 1572 1573 1669; x_wconf 75' lang='lat' dir='ltr'>fingula</span> 
     </span>
     <span class='ocr_line' id='line_1_10' title="bbox 626 1668 1571 1767; baseline 0.004 -24"><span class='ocrx_word' id='word_1_53' title='bbox 626 1670 822 1746; x_wconf 82' lang='lat' dir='ltr'>‚iseernere</span> <span class='ocrx_word' id='word_1_54' title='bbox 855 1694 957 1767; x_wconf 82' lang='lat' dir='ltr'>atque</span> <span class='ocrx_word' id='word_1_55' title='bbox 980 1673 1135 1741; x_wconf 87' lang='lat' dir='ltr'>omnium</span> <span class='ocrx_word' id='word_1_56' title='bbox 1166 1668 1336 1742; x_wconf 77' lang='lat' dir='ltr'>distinctae</span> <span class='ocrx_word' id='word_1_57' title='bbox 1364 1672 1571 1756; x_wconf 80' lang='lat' dir='ltr'>constituere</span> 
     </span>
     <span class='ocr_line' id='line_1_11' title="bbox 626 1772 1570 1873; baseline -0.006 -29"><span class='ocrx_word' id='word_1_58' title='bbox 626 1772 919 1873; x_wconf 61' lang='lat' dir='ltr'>pemndmodum</span> <span class='ocrx_word' id='word_1_59' title='bbox 935 1776 1000 1841; x_wconf 86' lang='lat' dir='ltr'>iam</span> <span class='ocrx_word' id='word_1_60' title='bbox 1021 1794 1216 1843; x_wconf 84' lang='lat' dir='ltr'>enumerata</span> <span class='ocrx_word' id='word_1_61' title='bbox 1233 1772 1337 1843; x_wconf 87' lang='lat' dir='ltr'>Flacii</span> <span class='ocrx_word' id='word_1_62' title='bbox 1358 1773 1478 1872; x_wconf 84' lang='lat' dir='ltr'>l&#39;etipta</span> <span class='ocrx_word' id='word_1_63' title='bbox 1494 1802 1570 1871; x_wconf 84' lang='lat' dir='ltr'>ger.</span> 
     </span>
     <span class='ocr_line' id='line_1_12' title="bbox 625 1868 1571 1969; baseline 0.003 -21"><span class='ocrx_word' id='word_1_64' title='bbox 625 1898 760 1948; x_wconf 71' lang='lat' dir='ltr'>renone</span> <span class='ocrx_word' id='word_1_65' title='bbox 777 1869 961 1969; x_wconf 84' lang='lat' dir='ltr'>compolita</span> <span class='ocrx_word' id='word_1_66' title='bbox 984 1868 1085 1964; x_wconf 80' lang='lat' dir='ltr'>sunt3</span> <span class='ocrx_word' id='word_1_67' title='bbox 1111 1874 1156 1943; x_wconf 88' lang='lat' dir='ltr'>ita</span> <span class='ocrx_word' id='word_1_68' title='bbox 1174 1871 1324 1943; x_wconf 86' lang='lat' dir='ltr'>eiusdem</span> <span class='ocrx_word' id='word_1_69' title='bbox 1341 1874 1571 1951; x_wconf 87' lang='lat' dir='ltr'>larinaaduer·</span> 
     </span>
     <span class='ocr_line' id='line_1_13' title="bbox 625 1972 1569 2073; baseline 0.003 -25"><span class='ocrx_word' id='word_1_70' title='bbox 625 1974 756 2048; x_wconf 72' lang='lat' dir='ltr'>oristas</span> <span class='ocrx_word' id='word_1_71' title='bbox 779 1972 958 2045; x_wconf 86' lang='lat' dir='ltr'>habentur.</span> <span class='ocrx_word' id='word_1_72' title='bbox 1014 1974 1079 2057; x_wconf 85' lang='lat' dir='ltr'>Ea,</span> <span class='ocrx_word' id='word_1_73' title='bbox 1099 1998 1168 2043; x_wconf 89' lang='lat' dir='ltr'>vno</span> <span class='ocrx_word' id='word_1_74' title='bbox 1182 1974 1358 2043; x_wconf 87' lang='lat' dir='ltr'>volumine</span> <span class='ocrx_word' id='word_1_75' title='bbox 1380 1980 1569 2073; x_wconf 86' lang='lat' dir='ltr'>coniuncta,</span> 
     </span>
     <span class='ocr_line' id='line_1_14' title="bbox 625 2066 1564 2177; baseline 0 -28"><span class='ocrx_word' id='word_1_76' title='bbox 625 2077 853 2176; x_wconf 82' lang='lat' dir='ltr'>prodierunt,</span> <span class='ocrx_word' id='word_1_77' title='bbox 875 2072 940 2145; x_wconf 89' lang='lat' dir='ltr'>hoc</span> <span class='ocrx_word' id='word_1_78' title='bbox 956 2074 1075 2145; x_wconf 84' lang='lat' dir='ltr'>titulo:</span> <span class='ocrx_word' id='word_1_79' title='bbox 1110 2081 1215 2143; x_wconf 81' lang='lat' dir='ltr'>omnia</span> <span class='ocrx_word' id='word_1_80' title='bbox 1228 2075 1330 2143; x_wconf 80' lang='lat' dir='ltr'>latina</span> <span class='ocrx_word' id='word_1_81' title='bbox 1338 2066 1460 2177; x_wconf 81' lang='lat' dir='ltr'>scripta</span> <span class='ocrx_word' id='word_1_82' title='bbox 1474 2082 1564 2149; x_wconf 83' lang='lat' dir='ltr'>Mtt-</span> 
     </span>
     <span class='ocr_line' id='line_1_15' title="bbox 634 2169 1568 2277; baseline 0.002 -30"><span class='ocrx_word' id='word_1_83' title='bbox 634 2176 784 2272; x_wconf 71' lang='lat' dir='ltr'>illyriei‚</span> <span class='ocrx_word' id='word_1_84' title='bbox 804 2176 955 2244; x_wconf 81' lang='lat' dir='ltr'>hactenns</span> <span class='ocrx_word' id='word_1_85' title='bbox 961 2169 1090 2273; x_wconf 75' lang='lat' dir='ltr'><em>sparssm</em></span> <span class='ocrx_word' id='word_1_86' title='bbox 1109 2194 1221 2245; x_wconf 83' lang='lat' dir='ltr'>contra</span> <span class='ocrx_word' id='word_1_87' title='bbox 1237 2174 1459 2277; x_wconf 73' lang='lat' dir='ltr'>adiaphoricas</span> <span class='ocrx_word' id='word_1_88' title='bbox 1468 2180 1568 2273; x_wconf 82' lang='lat' dir='ltr'>sran-</span> 
     </span>
     <span class='ocr_line' id='line_1_16' title="bbox 625 2280 1568 2375; baseline 0.003 -26"><span class='ocrx_word' id='word_1_89' title='bbox 625 2303 687 2349; x_wconf 74' lang='lat' dir='ltr'>lm</span> <span class='ocrx_word' id='word_1_90' title='bbox 702 2282 807 2357; x_wconf 79' lang='lat' dir='ltr'>edita,</span> <span class='ocrx_word' id='word_1_91' title='bbox 824 2294 857 2345; x_wconf 82' lang='lat' dir='ltr'>et</span> <span class='ocrx_word' id='word_1_92' title='bbox 880 2282 1152 2375; x_wconf 75' lang='lat' dir='ltr'>quedan1,prias</span> <span class='ocrx_word' id='word_1_93' title='bbox 1176 2298 1237 2345; x_wconf 84' lang='lat' dir='ltr'>non</span> <span class='ocrx_word' id='word_1_94' title='bbox 1258 2282 1385 2373; x_wconf 77' lang='lat' dir='ltr'>excusa,</span> <span class='ocrx_word' id='word_1_95' title='bbox 1409 2280 1568 2375; x_wconf 80' lang='lat' dir='ltr'>Magdeb.</span> 
     </span>
     <span class='ocr_line' id='line_1_17' title="bbox 629 2374 1564 2479; baseline -0.002 -27"><span class='ocrx_word' id='word_1_96' title='bbox 629 2382 871 2453; x_wconf 82' lang='lat' dir='ltr'>Continentur</span> <span class='ocrx_word' id='word_1_97' title='bbox 886 2402 945 2449; x_wconf 88' lang='lat' dir='ltr'>eo:</span> <span class='ocrx_word' id='word_1_98' title='bbox 976 2380 1012 2466; x_wconf 87' lang='lat' dir='ltr'>t)</span> <span class='ocrx_word' id='word_1_99' title='bbox 1036 2374 1124 2476; x_wconf 85' lang='lat' dir='ltr'>qnod</span> <span class='ocrx_word' id='word_1_100' title='bbox 1142 2374 1197 2446; x_wconf 84' lang='lat' dir='ltr'>hoc</span> <span class='ocrx_word' id='word_1_101' title='bbox 1220 2396 1355 2475; x_wconf 81' lang='lat' dir='ltr'>tempore</span> <span class='ocrx_word' id='word_1_102' title='bbox 1373 2382 1457 2449; x_wconf 77' lang='lat' dir='ltr'>atnlla</span> <span class='ocrx_word' id='word_1_103' title='bbox 1473 2389 1564 2479; x_wconf 82' lang='lat' dir='ltr'>peni-</span> 
     </span>
     <span class='ocr_line' id='line_1_18' title="bbox 625 2476 1565 2579; baseline 0.003 -28"><span class='ocrx_word' id='word_1_104' title='bbox 625 2486 650 2551; x_wconf 92' lang='lat' dir='ltr'>lo</span> <span class='ocrx_word' id='word_1_105' title='bbox 675 2486 713 2549; x_wconf 85' lang='lat' dir='ltr'>in</span> <span class='ocrx_word' id='word_1_106' title='bbox 742 2480 894 2575; x_wconf 68' lang='lat' dir='ltr'>religione</span> <span class='ocrx_word' id='word_1_107' title='bbox 909 2476 953 2572; x_wconf 77' lang='lat' dir='ltr'>fit</span> <span class='ocrx_word' id='word_1_108' title='bbox 976 2484 1010 2545; x_wconf 84' lang='lat' dir='ltr'>in</span> <span class='ocrx_word' id='word_1_109' title='bbox 1035 2486 1183 2573; x_wconf 75' lang='lat' dir='ltr'>gratiam</span> <span class='ocrx_word' id='word_1_110' title='bbox 1212 2484 1377 2577; x_wconf 84' lang='lat' dir='ltr'>impiorum</span> <span class='ocrx_word' id='word_1_111' title='bbox 1397 2482 1565 2579; x_wconf 83' lang='lat' dir='ltr'>facienda,</span> 
     </span>
     <span class='ocr_line' id='line_1_19' title="bbox 628 2574 1565 2677; baseline 0.003 -24"><span class='ocrx_word' id='word_1_112' title='bbox 628 2581 737 2654; x_wconf 87' lang='lat' dir='ltr'>ellum</span> <span class='ocrx_word' id='word_1_113' title='bbox 757 2582 950 2675; x_wconf 79' lang='lat' dir='ltr'>germanice</span> <span class='ocrx_word' id='word_1_114' title='bbox 974 2574 1120 2677; x_wconf 74' lang='lat' dir='ltr'>seriplitt</span> <span class='ocrx_word' id='word_1_115' title='bbox 1156 2578 1269 2675; x_wconf 80' lang='lat' dir='ltr'>polleo</span> <span class='ocrx_word' id='word_1_116' title='bbox 1293 2606 1405 2651; x_wconf 87' lang='lat' dir='ltr'>autem</span> <span class='ocrx_word' id='word_1_117' title='bbox 1432 2585 1467 2653; x_wconf 89' lang='lat' dir='ltr'>in</span> <span class='ocrx_word' id='word_1_118' title='bbox 1502 2584 1565 2655; x_wconf 92' lang='lat' dir='ltr'>lin-</span> 
     </span>
     <span class='ocr_line' id='line_1_20' title="bbox 624 2680 1565 2772; baseline 0.002 -17"><span class='ocrx_word' id='word_1_119' title='bbox 624 2685 722 2756; x_wconf 83' lang='lat' dir='ltr'>inam</span> <span class='ocrx_word' id='word_1_120' title='bbox 760 2680 932 2753; x_wconf 77' lang='lat' dir='ltr'>transtulit</span> <span class='ocrx_word' id='word_1_121' title='bbox 972 2704 1010 2749; x_wconf 81' lang='lat' dir='ltr'>nc</span> <span class='ocrx_word' id='word_1_122' title='bbox 1045 2680 1201 2772; x_wconf 86' lang='lat' dir='ltr'>Georgio</span> <span class='ocrx_word' id='word_1_123' title='bbox 1237 2683 1366 2751; x_wconf 87' lang='lat' dir='ltr'>Maiori</span> <span class='ocrx_word' id='word_1_124' title='bbox 1409 2682 1565 2770; x_wconf 76' lang='lat' dir='ltr'>tradidit,</span> 
     </span>
     <span class='ocr_line' id='line_1_21' title="bbox 624 2778 1564 2877; baseline 0 -20"><span class='ocrx_word' id='word_1_125' title='bbox 624 2809 638 2857; x_wconf 90' lang='grc'>.·.</span> <span class='ocrx_word' id='word_1_126' title='bbox 663 2783 698 2857; x_wconf 91' lang='lat' dir='ltr'>id</span> <span class='ocrx_word' id='word_1_127' title='bbox 728 2803 861 2877; x_wconf 81' lang='lat' dir='ltr'>ageret,</span> <span class='ocrx_word' id='word_1_128' title='bbox 894 2804 930 2851; x_wconf 84' lang='lat' dir='ltr'>vt</span> <span class='ocrx_word' id='word_1_129' title='bbox 946 2778 1088 2872; x_wconf 81' lang='lat' dir='ltr'>Collum,</span> <span class='ocrx_word' id='word_1_130' title='bbox 1113 2800 1303 2854; x_wconf 85' lang='lat' dir='ltr'>conuentus</span> <span class='ocrx_word' id='word_1_131' title='bbox 1319 2778 1363 2851; x_wconf 89' lang='lat' dir='ltr'>ibi</span> <span class='ocrx_word' id='word_1_132' title='bbox 1386 2781 1564 2857; x_wconf 86' lang='lat' dir='ltr'>inllituen·</span> 
     </span>
     <span class='ocr_line' id='line_1_22' title="bbox 624 2876 1550 2982; baseline -0.002 -24"><span class='ocrx_word' id='word_1_133' title='bbox 624 2939 629 2972; x_wconf 86' lang='lat'>,</span> <span class='ocrx_word' id='word_1_134' title='bbox 661 2888 730 2958; x_wconf 87' lang='lat' dir='ltr'>iter</span> <span class='ocrx_word' id='word_1_135' title='bbox 764 2876 908 2954; x_wconf 81' lang='lat' dir='ltr'>faceret:</span> <span class='ocrx_word' id='word_1_136' title='bbox 945 2884 986 2966; x_wconf 64' lang='grc' dir='ltr'>α)</span> <span class='ocrx_word' id='word_1_137' title='bbox 1013 2896 1124 2949; x_wconf 83' lang='lat' dir='ltr'>contra</span> <span class='ocrx_word' id='word_1_138' title='bbox 1149 2878 1307 2979; x_wconf 83' lang='lat' dir='ltr'><em>quoddam</em></span> <span class='ocrx_word' id='word_1_139' title='bbox 1327 2878 1484 2982; x_wconf 79' lang='lat' dir='ltr'>scriptum</span> <span class='ocrx_word' id='word_1_140' title='bbox 1513 2892 1550 2956; x_wconf 85' lang='lat' dir='ltr'>in</span> 
     </span>
     <span class='ocr_line' id='line_1_23' title="bbox 624 2980 1563 3084; baseline 0.001 -26"><span class='ocrx_word' id='word_1_141' title='bbox 624 2994 707 3072; x_wconf 85' lang='lat' dir='ltr'>nris,</span> <span class='ocrx_word' id='word_1_142' title='bbox 726 2994 761 3054; x_wconf 84' lang='lat' dir='ltr'>in</span> <span class='ocrx_word' id='word_1_143' title='bbox 783 2980 1007 3084; x_wconf 79' lang='lat' dir='ltr'>qaofiendetnr</span> <span class='ocrx_word' id='word_1_144' title='bbox 1019 2987 1156 3050; x_wconf 83' lang='lat' dir='ltr'>mutatio</span> <span class='ocrx_word' id='word_1_145' title='bbox 1171 2983 1299 3080; x_wconf 72' lang='lat' dir='ltr'>pieriam</span> <span class='ocrx_word' id='word_1_146' title='bbox 1313 2994 1563 3059; x_wconf 78' lang='lat' dir='ltr'>ceremoniarum</span> 
     </span>
     <span class='ocr_line' id='line_1_24' title="bbox 624 3083 1561 3184; baseline 0 -26"><span class='ocrx_word' id='word_1_147' title='bbox 624 3115 679 3159; x_wconf 85' lang='lat' dir='ltr'>as:</span> <span class='ocrx_word' id='word_1_148' title='bbox 707 3089 746 3182; x_wconf 82' lang='lat'>3)</span> <span class='ocrx_word' id='word_1_149' title='bbox 770 3085 890 3184; x_wconf 69' lang='lat' dir='ltr'>epistola</span> <span class='ocrx_word' id='word_1_150' title='bbox 911 3083 956 3153; x_wconf 84' lang='lat' dir='ltr'>ad</span> <span class='ocrx_word' id='word_1_151' title='bbox 963 3087 1139 3183; x_wconf 66' lang='lat' dir='ltr'>principem</span> <span class='ocrx_word' id='word_1_152' title='bbox 1163 3087 1333 3178; x_wconf 80' lang='lat' dir='ltr'>Georgium</span> <span class='ocrx_word' id='word_1_153' title='bbox 1347 3087 1561 3178; x_wconf 74' lang='lat' dir='ltr'>caballinum,</span> 
     </span>
     <span class='ocr_line' id='line_1_25' title="bbox 643 3181 1559 3285; baseline 0.001 -25"><span class='ocrx_word' id='word_1_154' title='bbox 643 3184 815 3284; x_wconf 77' lang='lat' dir='ltr'>cellenssbur</span> <span class='ocrx_word' id='word_1_155' title='bbox 839 3181 1049 3280; x_wconf 67' lang='lat' dir='ltr'>exsistentem,</span> <span class='ocrx_word' id='word_1_156' title='bbox 1074 3183 1114 3254; x_wconf 89' lang='lat' dir='ltr'>nd</span> <span class='ocrx_word' id='word_1_157' title='bbox 1147 3182 1181 3256; x_wconf 87' lang='lat' dir='ltr'>id</span> <span class='ocrx_word' id='word_1_158' title='bbox 1206 3183 1417 3285; x_wconf 62' lang='lat' dir='ltr'>composta,</span> <span class='ocrx_word' id='word_1_159' title='bbox 1449 3213 1487 3259; x_wconf 87' lang='lat' dir='ltr'>vt</span> <span class='ocrx_word' id='word_1_160' title='bbox 1511 3191 1559 3261; x_wconf 85' lang='lat' dir='ltr'>di·</span> 
     </span>
     <span class='ocr_line' id='line_1_26' title="bbox 624 3281 1557 3388; baseline -0.002 -23"><span class='ocrx_word' id='word_1_161' title='bbox 624 3315 702 3388; x_wconf 87' lang='lat' dir='ltr'>cepa</span> <span class='ocrx_word' id='word_1_162' title='bbox 732 3308 939 3386; x_wconf 80' lang='lat' dir='ltr'>reputaret,</span> <span class='ocrx_word' id='word_1_163' title='bbox 978 3288 1014 3356; x_wconf 91' lang='lat' dir='ltr'>in</span> <span class='ocrx_word' id='word_1_164' title='bbox 1046 3281 1179 3356; x_wconf 82' lang='lat' dir='ltr'>cellenfi</span> <span class='ocrx_word' id='word_1_165' title='bbox 1210 3309 1382 3358; x_wconf 89' lang='lat' dir='ltr'>conuentu</span> <span class='ocrx_word' id='word_1_166' title='bbox 1420 3286 1557 3363; x_wconf 80' lang='lat' dir='ltr'>caullatn</span> 
     </span>
     <span class='ocr_line' id='line_1_27' title="bbox 644 3385 1558 3486; baseline 0.001 -22"><span class='ocrx_word' id='word_1_167' title='bbox 644 3417 717 3464; x_wconf 90' lang='lat' dir='ltr'>non</span> <span class='ocrx_word' id='word_1_168' title='bbox 751 3414 793 3461; x_wconf 88' lang='lat' dir='ltr'>eo</span> <span class='ocrx_word' id='word_1_169' title='bbox 824 3387 934 3461; x_wconf 88' lang='lat' dir='ltr'>lludio</span> <span class='ocrx_word' id='word_1_170' title='bbox 948 3386 1066 3479; x_wconf 75' lang='lat' dir='ltr'>glorier</span> <span class='ocrx_word' id='word_1_171' title='bbox 1081 3385 1208 3456; x_wconf 82' lang='lat' dir='ltr'>diuinae</span> <span class='ocrx_word' id='word_1_172' title='bbox 1224 3429 1236 3475; x_wconf 81' lang='lat'>,</span> <span class='ocrx_word' id='word_1_173' title='bbox 1261 3408 1331 3480; x_wconf 89' lang='lat' dir='ltr'>quo</span> <span class='ocrx_word' id='word_1_174' title='bbox 1345 3387 1471 3482; x_wconf 86' lang='lat' dir='ltr'>deceat,</span> <span class='ocrx_word' id='word_1_175' title='bbox 1485 3397 1558 3486; x_wconf 77' lang='lat' dir='ltr'>ogi:</span> 
     </span>
    </p>

    <p class='ocr_par' dir='ltr' id='par_1_3' title="bbox 621 3483 1559 4774">
     <span class='ocr_line' id='line_1_28' title="bbox 623 3483 1559 3591; baseline 0.007 -36"><span class='ocrx_word' id='word_1_176' title='bbox 623 3523 625 3555; x_wconf 88' lang='lat'>:</span> <span class='ocrx_word' id='word_1_177' title='bbox 656 3493 702 3564; x_wconf 69' lang='lat' dir='ltr'>ad</span> <span class='ocrx_word' id='word_1_178' title='bbox 735 3489 903 3591; x_wconf 81' lang='lat' dir='ltr'><em>quemdam</em></span> <span class='ocrx_word' id='word_1_179' title='bbox 934 3491 1070 3556; x_wconf 83' lang='lat' dir='ltr'>amicam</span> <span class='ocrx_word' id='word_1_180' title='bbox 1098 3487 1139 3556; x_wconf 81' lang='lat' dir='ltr'>de</span> <span class='ocrx_word' id='word_1_181' title='bbox 1163 3483 1275 3584; x_wconf 64' lang='lat' dir='ltr'>pfieudo</span> <span class='ocrx_word' id='word_1_182' title='bbox 1289 3527 1303 3544; x_wconf 93' lang='lat'><strong>·</strong></span> <span class='ocrx_word' id='word_1_183' title='bbox 1327 3489 1460 3584; x_wconf 75' lang='lat' dir='ltr'>Basslio,</span> <span class='ocrx_word' id='word_1_184' title='bbox 1488 3519 1559 3590; x_wconf 83' lang='lat' dir='ltr'>¹qua</span> 
     </span>
     <span class='ocr_line' id='line_1_29' title="bbox 623 3584 1558 3686; baseline 0 -20"><span class='ocrx_word' id='word_1_185' title='bbox 623 3590 859 3686; x_wconf 81' lang='lat' dir='ltr'>amburgenles</span> <span class='ocrx_word' id='word_1_186' title='bbox 886 3613 920 3660; x_wconf 92' lang='lat' dir='ltr'>et</span> <span class='ocrx_word' id='word_1_187' title='bbox 947 3587 987 3658; x_wconf 86' lang='lat' dir='ltr'>ud</span> <span class='ocrx_word' id='word_1_188' title='bbox 1006 3587 1080 3659; x_wconf 84' lang='lat' dir='ltr'>illas</span> <span class='ocrx_word' id='word_1_189' title='bbox 1105 3588 1213 3658; x_wconf 85' lang='lat' dir='ltr'>datam</span> <span class='ocrx_word' id='word_1_190' title='bbox 1237 3584 1489 3686; x_wconf 86' lang='lat' dir='ltr'>responlionem</span> <span class='ocrx_word' id='word_1_191' title='bbox 1515 3596 1558 3666; x_wconf 89' lang='lat' dir='ltr'>de</span> 
     </span>
     <span class='ocr_line' id='line_1_30' title="bbox 623 3683 1558 3794; baseline -0.003 -28"><span class='ocrx_word' id='word_1_192' title='bbox 623 3723 633 3770; x_wconf 83' lang='lat' dir='ltr'>t</span> <span class='ocrx_word' id='word_1_193' title='bbox 673 3694 869 3766; x_wconf 82' lang='lat' dir='ltr'>diiudicat:</span> <span class='ocrx_word' id='word_1_194' title='bbox 913 3692 953 3780; x_wconf 79' lang='grc' dir='ltr'>ς)</span> <span class='ocrx_word' id='word_1_195' title='bbox 997 3683 1115 3787; x_wconf 70' lang='lat' dir='ltr'>epistolii</span> <span class='ocrx_word' id='word_1_196' title='bbox 1143 3687 1328 3788; x_wconf 76' lang='lat' dir='ltr'>apologetica</span> <span class='ocrx_word' id='word_1_197' title='bbox 1366 3691 1411 3764; x_wconf 86' lang='lat' dir='ltr'>ad</span> <span class='ocrx_word' id='word_1_198' title='bbox 1451 3720 1558 3794; x_wconf 85' lang='lat' dir='ltr'>quem·</span> 
     </span>
     <span class='ocr_line' id='line_1_31' title="bbox 623 3787 1557 3885; baseline 0.004 -21"><span class='ocrx_word' id='word_1_199' title='bbox 623 3821 705 3883; x_wconf 68' lang='lat' dir='ltr'>rem,</span> <span class='ocrx_word' id='word_1_200' title='bbox 730 3793 786 3866; x_wconf 79' lang='lat' dir='ltr'>rbi</span> <span class='ocrx_word' id='word_1_201' title='bbox 805 3792 938 3870; x_wconf 84' lang='lat' dir='ltr'>Flacius</span> <span class='ocrx_word' id='word_1_202' title='bbox 960 3813 1076 3861; x_wconf 87' lang='lat' dir='ltr'>contra</span> <span class='ocrx_word' id='word_1_203' title='bbox 1099 3787 1303 3862; x_wconf 81' lang='lat' dir='ltr'>sacerdotem</span> <span class='ocrx_word' id='word_1_204' title='bbox 1337 3788 1368 3864; x_wconf 88' lang='lat' dir='ltr'>le</span> <span class='ocrx_word' id='word_1_205' title='bbox 1391 3791 1557 3885; x_wconf 86' lang='lat' dir='ltr'>defendit,</span> 
     </span>
     <span class='ocr_line' id='line_1_32' title="bbox 655 3891 1555 3976; baseline -0.003 -6"><span class='ocrx_word' id='word_1_206' title='bbox 655 3899 765 3971; x_wconf 86' lang='lat' dir='ltr'>veluti</span> <span class='ocrx_word' id='word_1_207' title='bbox 788 3915 961 3965; x_wconf 86' lang='lat' dir='ltr'>auctorem</span> <span class='ocrx_word' id='word_1_208' title='bbox 986 3891 1192 3976; x_wconf 89' lang='lat' dir='ltr'>turbarum,</span> <span class='ocrx_word' id='word_1_209' title='bbox 1225 3893 1261 3962; x_wconf 90' lang='lat' dir='ltr'>in</span> <span class='ocrx_word' id='word_1_210' title='bbox 1287 3897 1442 3966; x_wconf 88' lang='lat' dir='ltr'>oratione</span> <span class='ocrx_word' id='word_1_211' title='bbox 1469 3893 1555 3967; x_wconf 85' lang='lat' dir='ltr'>sacra</span> 
     </span>
     <span class='ocr_line' id='line_1_33' title="bbox 624 3991 1556 4092; baseline -0.008 -18"><span class='ocrx_word' id='word_1_212' title='bbox 624 4023 701 4074; x_wconf 78' lang='lat' dir='ltr'>tat:</span> <span class='ocrx_word' id='word_1_213' title='bbox 744 3999 784 4086; x_wconf 91' lang='lat'>6)</span> <span class='ocrx_word' id='word_1_214' title='bbox 802 3993 927 4088; x_wconf 65' lang='lat' dir='ltr'>spatiola</span> <span class='ocrx_word' id='word_1_215' title='bbox 944 3991 1098 4092; x_wconf 82' lang='lat' dir='ltr'>Philippi:</span> <span class='ocrx_word' id='word_1_216' title='bbox 1136 3993 1180 4089; x_wconf 88' lang='lat'>7)</span> <span class='ocrx_word' id='word_1_217' title='bbox 1197 3993 1336 4092; x_wconf 74' lang='lat' dir='ltr'>apologia</span> <span class='ocrx_word' id='word_1_218' title='bbox 1363 3992 1556 4091; x_wconf 71' lang='lat' dir='ltr'>adsiholam</span> 
     </span>
     <span class='ocr_line' id='line_1_34' title="bbox 622 4089 1554 4200; baseline -0.004 -28"><span class='ocrx_word' id='word_1_219' title='bbox 622 4100 710 4200; x_wconf 70' lang='lat' dir='ltr'>vestm</span> <span class='ocrx_word' id='word_1_220' title='bbox 726 4103 762 4168; x_wconf 89' lang='lat' dir='ltr'>in</span> <span class='ocrx_word' id='word_1_221' title='bbox 776 4089 1142 4194; x_wconf 76' lang='lat' dir='ltr'>adiaphororumcaaffie,</span> <span class='ocrx_word' id='word_1_222' title='bbox 1165 4098 1260 4164; x_wconf 80' lang='lat' dir='ltr'>cuius</span> <span class='ocrx_word' id='word_1_223' title='bbox 1277 4093 1392 4190; x_wconf 83' lang='lat' dir='ltr'>scripti</span> <span class='ocrx_word' id='word_1_224' title='bbox 1416 4122 1554 4193; x_wconf 84' lang='lat' dir='ltr'>compo·</span> 
     </span>
     <span class='ocr_line' id='line_1_35' title="bbox 622 4188 1553 4277; baseline -0.011 1"><span class='ocrx_word' id='word_1_225' title='bbox 622 4203 766 4277; x_wconf 81' lang='lat' dir='ltr'>afionent</span> <span class='ocrx_word' id='word_1_226' title='bbox 783 4197 875 4268; x_wconf 89' lang='lat' dir='ltr'>dedit</span> <span class='ocrx_word' id='word_1_227' title='bbox 897 4195 1000 4266; x_wconf 87' lang='lat' dir='ltr'>Flacii</span> <span class='ocrx_word' id='word_1_228' title='bbox 1018 4188 1170 4266; x_wconf 83' lang='lat' dir='ltr'>discellue</span> <span class='ocrx_word' id='word_1_229' title='bbox 1187 4191 1227 4264; x_wconf 92' lang='lat' dir='ltr'>ab</span> <span class='ocrx_word' id='word_1_230' title='bbox 1242 4195 1407 4268; x_wconf 88' lang='lat' dir='ltr'>academia</span> <span class='ocrx_word' id='word_1_231' title='bbox 1435 4201 1553 4268; x_wconf 82' lang='lat' dir='ltr'>vitem·</span> 
     </span>
     <span class='ocr_line' id='line_1_36' title="bbox 631 4294 1553 4400; baseline -0.008 -24"><span class='ocrx_word' id='word_1_232' title='bbox 631 4309 667 4378; x_wconf 89' lang='lat' dir='ltr'>in</span> <span class='ocrx_word' id='word_1_233' title='bbox 687 4327 752 4400; x_wconf 85' lang='lat' dir='ltr'>qua</span> <span class='ocrx_word' id='word_1_234' title='bbox 772 4302 899 4371; x_wconf 83' lang='lat' dir='ltr'>litteras</span> <span class='ocrx_word' id='word_1_235' title='bbox 917 4294 1037 4367; x_wconf 68' lang='lat' dir='ltr'>ebroas</span> <span class='ocrx_word' id='word_1_236' title='bbox 1064 4296 1172 4366; x_wconf 85' lang='lat' dir='ltr'>adhuc</span> <span class='ocrx_word' id='word_1_237' title='bbox 1188 4295 1360 4367; x_wconf 74' lang='lat' dir='ltr'>docuerat.</span> <span class='ocrx_word' id='word_1_238' title='bbox 1434 4305 1553 4396; x_wconf 75' lang='lat' dir='ltr'>Quum</span> 
     </span>
     <span class='ocr_line' id='line_1_37' title="bbox 630 4391 1554 4495; baseline -0.019 -15"><span class='ocrx_word' id='word_1_239' title='bbox 630 4405 742 4480; x_wconf 87' lang='lat' dir='ltr'>solum</span> <span class='ocrx_word' id='word_1_240' title='bbox 757 4397 976 4495; x_wconf 82' lang='lat' dir='ltr'>augustanum</span> <span class='ocrx_word' id='word_1_241' title='bbox 991 4406 1121 4466; x_wconf 80' lang='lat' dir='ltr'>interim</span> <span class='ocrx_word' id='word_1_242' title='bbox 1130 4423 1143 4480; x_wconf 74' lang='lat'>5</span> <span class='ocrx_word' id='word_1_243' title='bbox 1170 4399 1399 4466; x_wconf 86' lang='lat' dir='ltr'>verumetiam</span> <span class='ocrx_word' id='word_1_244' title='bbox 1417 4391 1554 4470; x_wconf 88' lang='lat' dir='ltr'>formu.</span> 
     </span>
     <span class='ocr_line' id='line_1_38' title="bbox 622 4498 1554 4602; baseline -0.011 -21"><span class='ocrx_word' id='word_1_245' title='bbox 622 4505 715 4580; x_wconf 80' lang='lat' dir='ltr'>olent</span> <span class='ocrx_word' id='word_1_246' title='bbox 736 4505 872 4602; x_wconf 87' lang='lat' dir='ltr'>penitus</span> <span class='ocrx_word' id='word_1_247' title='bbox 900 4501 1055 4572; x_wconf 84' lang='lat' dir='ltr'>reliceret</span> <span class='ocrx_word' id='word_1_248' title='bbox 1082 4525 1119 4569; x_wconf 88' lang='lat' dir='ltr'>ac</span> <span class='ocrx_word' id='word_1_249' title='bbox 1146 4500 1309 4590; x_wconf 84' lang='lat' dir='ltr'>cogitaret</span> <span class='ocrx_word' id='word_1_250' title='bbox 1334 4498 1554 4592; x_wconf 84' lang='lat' dir='ltr'>calamitates,</span> 
     </span>
     <span class='ocr_line' id='line_1_39' title="bbox 621 4591 1554 4695; baseline -0.011 -11"><span class='ocrx_word' id='word_1_251' title='bbox 621 4605 775 4692; x_wconf 79' lang='lat' dir='ltr'>tuendas,</span> <span class='ocrx_word' id='word_1_252' title='bbox 798 4599 823 4677; x_wconf 84' lang='lat' dir='ltr'>st</span> <span class='ocrx_word' id='word_1_253' title='bbox 841 4597 1000 4674; x_wconf 77' lang='lat' dir='ltr'>aduersus</span> <span class='ocrx_word' id='word_1_254' title='bbox 1020 4599 1142 4672; x_wconf 87' lang='lat' dir='ltr'>dictam</span> <span class='ocrx_word' id='word_1_255' title='bbox 1164 4591 1349 4669; x_wconf 83' lang='lat' dir='ltr'>formulam</span> <span class='ocrx_word' id='word_1_256' title='bbox 1371 4621 1437 4695; x_wconf 89' lang='lat' dir='ltr'>pro</span> <span class='ocrx_word' id='word_1_257' title='bbox 1451 4596 1554 4674; x_wconf 83' lang='lat' dir='ltr'>salute</span> 
     </span>
     <span class='ocr_line' id='line_1_40' title="bbox 1448 4701 1552 4774; baseline 0.029 -3"><span class='ocrx_word' id='word_1_258' title='bbox 1448 4701 1552 4774; x_wconf 83' lang='lat' dir='ltr'>eccle·</span> 
     </span>
    </p>
   </div>
   <div class='ocr_carea' id='block_1_3' title="bbox 621 4861 819 4882">
    <p class='ocr_par' dir='ltr' id='par_1_4' title="bbox 621 4861 819 4882">
     <span class='ocr_line' id='line_1_41' title="bbox 621 4861 819 4882; baseline -0.01 0"><span class='ocrx_word' id='word_1_259' title='bbox 621 4861 819 4882; x_wconf 46' lang='grc' dir='ltr'><strong><em>ψ</em></strong></span> 
     </span>
    </p>
   </div>
   <div class='ocr_carea' id='block_1_4' title="bbox 634 4921 862 4990">
    <p class='ocr_par' dir='ltr' id='par_1_5' title="bbox 634 4921 862 4990">
     <span class='ocr_line' id='line_1_42' title="bbox 634 4921 862 4990; baseline 0.013 -15"><span class='ocrx_word' id='word_1_260' title='bbox 634 4930 722 4990; x_wconf 79' lang='lat'><strong>1707.</strong></span> <span class='ocrx_word' id='word_1_261' title='bbox 746 4931 773 4990; x_wconf 72' lang='lat' dir='ltr'>P·</span> <span class='ocrx_word' id='word_1_262' title='bbox 794 4921 862 4982; x_wconf 78' lang='lat'>557·</span> 
     </span>
    </p>
   </div>
   <div class='ocr_carea' id='block_1_5' title="bbox 0 0 2226 5900">
    <p class='ocr_par' dir='ltr' id='par_1_6' title="bbox 0 0 2226 5900">
     <span class='ocr_line' id='line_1_43' title="bbox 0 0 2226 5900; baseline 0 1"><span class='ocrx_word' id='word_1_263' title='bbox 0 0 2226 5900; x_wconf 95' lang='lat' dir='ltr'> </span> 
     </span>
    </p>
   </div>
  </div>
 </body>
</html>
