4442 5900
719 818 1021 877 eournoms.
1057 830 1142 878 CVM
1167 830 1436 887 contristetis,
1600 838 1678 911 223

635 1073 639 1081 Ι
768 1040 779 1057 .
795 998 833 1069 8.
863 1012 1073 1065 nascutvra
1085 1014 1187 1089 atque
1202 994 1327 1067 aliosin
1342 991 1622 1069 dissertationibus
1636 996 1678 1069 de

680 1108 926 1179 argumento:
950 1093 1072 1187 quide
1094 1118 1177 1165 voce
1190 1092 1390 1187 mysterium,
1416 1122 1551 1171 corone
1564 1100 1678 1195 ponti·

652 1273 657 1282 Ι
736 1193 777 1259 ni
802 1187 966 1287 inscripta
985 1190 1229 1291 exposuerunt,
1268 1200 1411 1268 maxime
1437 1222 1676 1273 cuutsrtau.

664 1292 783 1363 'tan'
802 1314 1110 1365 nivuncuervu
1135 1299 1171 1365 in
1199 1296 1332 1387 libello,
1364 1300 1458 1371 cuius
1474 1302 1595 1371 titulus
1616 1297 1675 1373 esl:

659 1392 681 1405 ’“
703 1440 715 1473 ,
737 1416 867 1461 corona
889 1402 1070 1465 meretricis
1093 1392 1273 1491 babylonica
1306 1395 1556 1500 frontispicium,
1581 1396 1674 1497 Lips.

719 1504 785 1577 .8.
806 1518 926 1565 eontra
949 1494 1162 1569 Bosluetum:
1188 1500 1223 1567 in
1247 1496 1404 1593 mysterio,
1430 1501 1534 1602 papali
1555 1524 1676 1569 carm

709 1644 721 1673 ,
751 1612 831 1662 ente
844 1592 906 1662 huc
919 1618 1019 1695 usque
1033 1599 1131 1693 reali,
1158 1604 1267 1694 Cygn.
1284 1618 1433 1675 MDccss.
1449 1616 1483 1685 8.
1511 1598 1673 1671 aduersus

681 1716 775 1767 nov.
804 1720 1090 1769 annuntiarant
1122 1697 1319 1795 mysterium,
1352 1727 1468 1774 corona
1491 1702 1594 1800 papali
1621 1708 1671 1769 in·

671 1804 675 1811 '
697 1852 708 1881 ,
742 1818 811 1865 nan
827 1822 897 1891 eut,
922 1799 1307 1884 lsilon.MDcxcvs11.8.
1332 1825 1367 1873 et
1390 1806 1425 1873 in
1445 1812 1584 1874 veritate
1604 1826 1673 1893 my·

667 1902 766 1965 tiarae
784 1890 916 1965 rimant·
931 1895 1091 1999 pontificis
1103 1901 1176 1971 otim
1192 1896 1357 1999 adscripti,
1369 1922 1544 1977 moccxx.
1561 1916 1593 1987 8.
1610 1904 1672 1999 qui

723 1998 902 2069 Ludouici
921 2016 982 2073 ΧΗ.
1011 2024 1087 2071 cum
1113 1998 1353 2101 inscriptione:
1385 2004 1518 2103 perdam
1538 1998 1670 2091 Babylo·

653 2176 659 2184 ,
730 2120 749 2185 ,·
777 2098 835 2169 vel
857 2097 998 2198 perdam
1027 2097 1231 2195 Babylonem,
1263 2104 1485 2195 illustrarunt,
1508 2126 1669 2177 cnursr.

655 2203 817 2271 'urum
848 2222 1024 2271 errarunt
1057 2205 1093 2273 in
1119 2212 1256 2275 nummis
1279 2206 1433 2277 Ledauici
1453 2224 1517 2278 ΧΠ.
1541 2211 1668 2305 epigra-

794 2296 955 2395 basyionis
972 2326 1110 2384 nornen:
1138 2306 1190 2375 vai
1209 2306 1344 2405 perdam
1369 2304 1573 2401 Babylonem,
1598 2304 1667 2399 infi-

648 2408 671 2495 '3
701 2400 875 2497 illustrans
898 2420 931 2472 at
959 2408 1109 2503 inprimis
1138 2425 1250 2478 contra
1284 2410 1491 2479 Harduinum
1517 2406 1666 2501 dfsfflfi‘·

738 2512 909 2587 cxvii&
985 2510 1108 2577 Omnia
1143 2504 1264 2601 scripta
1296 2508 1366 2580 hac
1392 2531 1577 2607 pratereot
1606 2526 1666 2576 aut

652 2598 869 2677 'intransitu
887 2628 1069 2703 memoro,
1092 2610 1171 2704 quie
1193 2608 1262 2679 illis
1285 2634 1354 2679 non
1374 2634 1440 2683 tem
1455 2608 1509 2679 =de
1525 2610 1664 2701 dogma·

741 2706 792 2775 de
810 2702 976 2780 sententia
1007 2710 1235 2805 quorumdam
1256 2706 1430 2809 scriptura:
1457 2707 1553 2783 saure
1571 2711 1663 2783 soco-

734 2830 852 2879 tatum
874 2806 940 2881 cll:

853 2957 899 3028 V.
921 2955 963 3022 de
984 2969 1114 3052 peccata
1136 2949 1301 3046 originali.

631 3062 719 3142 ἰιι
746 3093 1030 3144 wnrrnurnvc
1062 3071 1159 3143 libris
1193 3070 1303 3144 tribua
1330 3067 1372 3140 de
1407 3083 1537 3168 peccato
1560 3069 1663 3160 arigi-

614 3219 625 3256 ,
656 3177 802 3245 Hanou.
828 3191 994 3246 MDCIV.
1012 3187 1043 3254 8.
1079 3172 1204 3269 quibus
1241 3171 1478 3269 Stapsetonum
1511 3162 1661 3240 refellit:

614 3295 938 3347 tuorratnuuvs
979 3271 1204 3344 dissertatione
1238 3292 1350 3344 contra
1379 3293 1505 3340 arraret
1534 3263 1659 3368 pontifi·

614 3397 655 3447 n
692 3383 786 3445 circa
822 3375 1003 3446 doctrinam
1047 3375 1087 3444 dc
1122 3393 1249 3474 peccato
1283 3373 1459 3470 originali,
1501 3369 1658 3464 Tubing.

614 3493 753 3550 mm.

866 3623 927 3690 VI.
955 3619 996 3690 de
1017 3615 1107 3690 iilam
1122 3613 1281 3690 arbitrio:

614 3731 723 3828 2qood
751 3757 860 3830 quom
888 3733 1077 3834 pontificii,
1111 3733 1297 3835 prasertim
1329 3725 1474 3818 iesuitae,
1501 3730 1656 3823 homini,
1708 3787 1712 3798 .

614 3849 759 3904 tnaturae
782 3835 913 3907 viribus
928 3836 1113 3934 instructo,
1141 3841 1176 3908 in
1205 3830 1432 3906 conuerstonis
1461 3857 1496 3902 ac
1518 3832 1657 3904 sanctio-

614 3933 675 4002 titae
689 3936 858 4032 operibus
885 3939 1099 4032 adtribuant,
1120 3933 1360 4032 sgrauiffimum
1388 3957 1542 4004 errorem
1565 3933 1658 4005 hunc

614 4021 776 4104 lutatunt:
818 4037 1004 4126 lutherus,
1037 4038 1227 4132 Hashujius,
1257 4039 1426 4127 litannius,
1455 4037 1657 4123 Meirnarua,

614 4143 724 4205 nnius
746 4161 785 4206 ac
802 4136 918 4232 plures
942 4140 1024 4234 alii,
1051 4136 1254 4308 suprainter
1277 4135 1457 4231 scriptores
1473 4133 1656 4226 theologia

614 4237 726 4306 naticae
766 4238 875 4308 relati.
934 4241 1000 4310 sam
1034 4241 1120 4310 ado
1157 4239 1489 4310 commentationes:
1535 4255 1657 4301 utine

614 4355 691 4406 tut
720 4337 765 4407 de
793 4341 942 4437 reliquiis
969 4340 1201 4440 pelagianismi,
1229 4347 1263 4408 in
1288 4353 1406 4434 papatu
1431 4326 1656 4416 latitantibus,

614 4437 796 4510 ineditam
819 4459 1007 4514 MDccxvl.
1023 4466 1057 4534 4.
1085 4465 1119 4512 et
1154 4467 1207 4511 to.
1238 4463 1392 4510 caniac.
1425 4457 1581 4502 avooct
1613 4436 1656 4500 de

614 4537 754 4636 tinisnto,
778 4547 813 4608 in
826 4537 945 4631 ccclefia
960 4565 1091 4613 romania
1112 4541 1353 4638 triumphante,
1380 4557 1442 4630 per
1457 4531 1584 4599 bullam
1604 4533 1656 4600 vi·

614 4661 643 4713 et
656 4643 1066 4740 anti-quesnellianam,c
1090 4645 1269 4715 Clemente
1283 4655 1334 4713 x1.
1353 4629 1517 4734 pontifice
1544 4653 1657 4700 roma·

614 4742 858 4834 romulgatam,
882 4748 951 4815 sen.
967 4763 1159 4820 MDccst.
1177 4753 1194 4790 *
1576 4735 1654 4806 Vll·

614 4883 693 4894 ...-
712 4880 906 4892 ...------—-
925 4883 947 4891 .,
957 4860 1653 4897 *m--ffl—m*

614 4947 671 4992 tur
687 4932 721 4988 in
743 4925 808 4987 citt:
824 4921 968 5003 misceliau.
982 4923 1094 5002 factor.
1106 4944 1184 5008 part.
1199 4947 1236 4990 tr,
1258 4951 1287 5008 p.
1309 4947 1331 4987 t.
