4442 5900
820 645 939 723 veluti
969 640 1197 738 principium
1220 639 1262 714 in
1284 611 1395 716 reims
1426 637 1531 723 fidei,
1560 637 1686 716 saltem
1710 708 1711 712 ,

820 743 1015 821 arimarii.
1089 739 1164 818 Sed
1188 759 1308 815 tamen
1335 740 1403 840 qui
1435 737 1594 815 consiliis
1617 741 1700 817 eius

820 843 973 924 rri'aliis
1002 863 1112 940 atque
1133 838 1290 918 ecclesia:
1308 841 1436 917 nostrae
1460 840 1695 940 periculofis,

818 971 897 1022 non.
914 941 1132 1018 defuerunt:
1142 940 1255 1016 immo
1266 945 1399 1016 multos
1414 939 1651 1027 aduersarios,
1662 942 1711 1044 in]

820 1073 889 1149 gos
911 1041 1124 1127 iirxonicos,
1150 1041 1482 1142 i'itembergerrse8‚
1502 1041 1711 1122 dresdenses

819 1144 990 1227 Calixtus
1010 1163 1182 1242 expertus
1208 1143 1272 1221 est.

930 1315 1086 1396 Bellum,
1120 1315 1169 1385 vti
1189 1313 1332 1402 dicitur,
1356 1309 1623 1411 syncretisticum
1643 1313 1711 1412 gest

876 1419 966 1491 inter
1012 1415 1191 1510 theologos
1225 1415 1524 1504 helmstadienses,
1568 1419 1711 1514 Georgii

872 1517 1068 1592 Conrrdurir
1102 1519 1320 1605 Horncium,
1355 1519 1565 1588 loachimum
1592 1515 1711 1591 Hildei

871 1622 1022 1692 doricum
1051 1618 1207 1688 i'lricunr
1233 1621 1403 1689 Caiirtum
1424 1645 1459 1688 rc
1480 1621 1539 1715 qui
1558 1618 1597 1688 ad
1613 1619 1711 1692 horui

840 1720 999 1800 ¹scr-rur,
1025 1721 1329 1810 regionronranos,
1357 1723 1406 1791 lo.
1435 1724 1701 1792 Latermannum

746 1869 751 1884 .
867 1825 1076 1898 Drcierum,
1101 1818 1305 1892 Michaclcm
1328 1819 1526 1896 Behnrium3
1561 1823 1711 1918 partimi

866 1923 989 2004 farios,
1028 1917 1206 2010 theologos
1239 1917 1426 2000 saxonicos,
1465 1919 1550 1992 Abr.
1579 1923 1711 1993 Calouii

865 2023 1075 2111 Weilcrum,
1105 2022 1221 2094 loann.
1262 2015 1478 2112 Scharfium,
1525 2025 1573 2092 Io.
1607 2020 1711 2095 Hulst

861 2119 1191 2208 Deutschmannum,
1233 2121 1417 2214 Aegidium
1445 2121 1661 2192 Strauchiunr
1690 2149 1711 2194 ai

864 2226 1008 2295 Statium
1031 2218 1258 2303 Buscherurn,
1287 2218 1506 2292 Coelestinum
1529 2223 1711 2294 Mislenran

864 2329 960 2418 gium
979 2317 1212 2412 Dorscheum,
1236 2323 1297 2418 qui
1320 2345 1439 2390 omnes
1469 2321 1631 2394 aduersus
1656 2323 1711 2396 hel

862 2428 1142 2517 regiomonranos
1161 2446 1253 2492 arma
1269 2416 1324 2490 sua
1341 2422 1507 2496 tulerunt.
1572 2429 1659 2520 Quae
1674 2449 1710 2496 vr

864 2521 985 2622 scripta
1005 2521 1217 2620 prodierint,
1247 2545 1338 2592 nunc
1356 2520 1444 2594 iusto
1463 2522 1585 2594 ordine
1612 2549 1711 2598 enarr

921 2669 1116 2749 intereos,
1147 2665 1209 2760 qui
1233 2663 1342 2736 veluti
1373 2659 1582 2759 syncretismi
1607 2661 1711 2740 'sauro

858 2763 960 2852 sunt,
994 2767 1154 2862 princeps
1181 2759 1250 2836 fuit
1290 2788 1549 2835 crorcrvs
1591 2791 1711 2840 crrrr

860 2863 963 2964 ipfius
983 2867 1189 2935 certaminis.
1242 2873 1434 2961 Antequam
1452 2864 1487 2934 id
1507 2869 1641 2962 erupit,
1665 2893 1711 2940 vai
