4442 5900
832 626 922 704 tatio
945 623 1020 722 ipsa
1035 647 1115 696 non
1129 644 1172 698 ea
1187 612 1457 708 moderatione,
1473 643 1549 720 qua
1568 616 1710 694 deceba

831 733 998 824 Vtraque
1031 747 1127 824 pots,
1152 718 1301 797 feruore
1327 719 1501 818 incitata,
1528 716 1711 795 interdum

833 849 943 930 atque
963 823 1085 924 aspere
1107 818 1305 925 pugnauit,
1323 846 1404 899 non
1422 819 1497 900 fine
1518 818 1711 912 aliorumo

945 1001 999 1068 De
1024 993 1108 1068 statu
1143 996 1383 1070 exinanitionis
1412 995 1527 1070 chtisti
1560 991 1711 1090 giessenst

882 1096 1050 1170 eiusmodi
1066 1098 1158 1170 illitis
1178 1102 1346 1172 rationem
1359 1091 1469 1184 fuiss‘e‚
1484 1119 1521 1170 vt
1537 1097 1682 1170 christus
1699 1097 1711 1169 i

883 1222 1017 1296 tempus
1038 1199 1222 1294 apleniori
1248 1201 1575 1294 communicatorum
1597 1197 1711 1271 ottribt

883 1325 973 1381 ram,
991 1321 1064 1392 quae
1079 1298 1272 1400 ἑνεςγητικᾶ
1286 1297 1364 1374 sunt
1375 1315 1475 1396 atque
1495 1297 1710 1398 adpellantur

885 1423 1145 1496 nonnumquam
1169 1426 1282 1473 autem
1314 1425 1414 1496 etque
1446 1423 1536 1474 extro
1561 1401 1711 1472 ordinen

881 1504 993 1573 racaia
1013 1499 1191 1574 maiestatis
1205 1504 1328 1597 diuinae
1346 1501 1528 1575 secondum
1547 1501 1711 1572 httmonon

882 1602 946 1676 fint
970 1604 1181 1674 documento.
1229 1609 1297 1676 Pto
1318 1605 1470 1676 doctrina
1492 1603 1563 1691 hac,
1590 1625 1665 1696 quae
1687 1629 1711 1674 et

883 1704 930 1777 eii
951 1701 1146 1776 nostrorum
1174 1703 1440 1802 theologorum,
1463 1695 1638 1798 gieisenses
1659 1729 1697 1776 oc

882 1805 973 1879 bant.
1023 1803 1262 1897 Tnbinget'tses
1287 1828 1405 1877 contro
1433 1803 1641 1894 statuerunt,
1676 1805 1711 1877 ch

883 1907 1125 1978 exinanitionis
1150 1909 1293 1976 omnino
1311 1901 1407 1976 vium
1429 1901 1492 1979 effe
1512 1909 1711 1978 communiet

883 2009 1032 2088 diuinist
1054 2006 1191 2077 'occuito
1208 2027 1342 2083 tament
1371 2028 1432 2076 nec
1445 2007 1541 2078 vsum
1561 2005 1663 2095 hunc,
1682 2033 1711 2080 ot

882 2111 1016 2206 primis,
1041 2103 1113 2177 nist'
1134 2110 1171 2176 in
1188 2103 1301 2177 officio
1325 2103 1520 2179 sacerdotali
1549 2109 1661 2204 iisque
1680 2135 1711 2180 re

860 2201 862 2206 ’
883 2209 1105 2281 redemtionis
1124 2207 1291 2306 impedire
1304 2203 1498 2304 potuiisent‚
1519 2203 1656 2280 eeffaffe.

883 2313 945 2406 qui
970 2305 1185 2394 dimicabant,
1204 2310 1378 2406 principes
1398 2331 1514 2382 erant:
1541 2334 1704 2380 annena

885 2433 954 2480 nvo
985 2432 1017 2478 et
1043 2433 1192 2478 tvsavs
1242 2426 1558 2494 eavnooaattvs3
1593 2411 1686 2481 inter

882 2530 974 2581 tent:
1027 2533 1158 2578 avens
1205 2532 1439 2601 osmannae,
1482 2534 1710 2582 natcntoa

886 2633 1131 2682 onnonoavs
1168 2634 1405 2685 nnvnattvs.
1471 2606 1651 2706 Postquam
1673 2612 1711 2682 in

885 2713 945 2783 tim
960 2735 1022 2807 per
1036 2709 1164 2778 litteras
1182 2703 1387 2806 disputatum
1408 2707 1533 2800 fuerat,
1549 2735 1587 2782 nc
1602 2709 1711 2806 tobim

882 2833 1063 2884 erroneam
1094 2807 1282 2882 doctrinam
1299 2809 1514 2909 obiecerant,
1541 2836 1648 2908 quum
1675 2809 1711 2885 stt

883 2909 1092 2972 netsnnniom
1124 2903 1383 2972 fttndntnontnm
1423 2909 1487 2972 effa
1521 2935 1693 2972 nemntntn
