4442 5900
641 814 1389 870 inmitessoonscttcton.nosctsm'
1485 804 1565 887 981·

643 966 783 1041 deluens
799 970 963 1066 enipccher
986 968 1029 1037 de
1043 986 1223 1066 permetere
1252 988 1333 1039 cette
1348 966 1558 1068 publication,

642 1094 700 1167 {un
722 1092 911 1169 pretereo,
946 1093 990 1140 ne
1018 1070 1055 1138 in
1086 1067 1297 1147 recensendis
1316 1069 1448 1168 scriptis
1475 1094 1554 1174 con·

643 1170 672 1243 ie
688 1170 781 1243 hulla
794 1177 979 1265 nnigenlcus
1001 1171 1158 1263 excitate,
1185 1169 1275 1243 iusto
1293 1172 1433 1268 longior
1447 1168 1556 1243 ΗΜ*

887 1324 921 1425 o.
966 1323 1049 1401 ΧΠ.

673 1460 781 1564 quod
819 1462 1059 1541 recentilfima
1088 1484 1191 1542 aemte
1226 1464 1267 1541 in'
1294 1463 1421 1543 Gallia
1457 1465 1554 1541 inter

646 1586 680 1641 te
704 1564 797 1641 alios
818 1563 918 1639 viros
941 1566 1033 1641 sacri
1057 1564 1202 1641 ordinis
1224 1591 1266 1641 ac
1285 1564 1455 1665 suprema
1477 1590 1555 1640 ma-

646 1663 819 1768 :ollegia‚
864 1670 1089 1764 parlamenta
1125 1666 1246 1756 dicta,
1285 1687 1454 1769 exottum
1490 1666 1553 1753 est,

646 1765 853 1842 sferendam
879 1764 950 1842 effe
981 1767 1023 1843 in
1054 1766 1194 1844 bullam
1226 1772 1444 1869 unigenitus,
1472 1791 1554 1841 non
1589 1852 1592 1857 ¹

646 1865 838 1945 istimatur.
893 1867 1083 1973 Qamuis
1110 1866 1213 1944 enim
1241 1866 1289 1949 de
1315 1867 1428 1942 variis
1453 1890 1553 1967 quae-

647 1992 716 2070 gna
735 1967 945 2043 animorum
964 1970 1208 2046 contentione
1226 1968 1268 2046 sit
1282 1966 1552 2068 disceptatum

649 2094 702 2146 en
722 2092 849 2144 earum
875 2067 956 2152 fuit,
978 2096 1069 2145 num
1095 2070 1323 2145 moribundo
1347 2069 1553 2146 sacramen-

648 2166 778 2273 ganda,
812 2168 880 2271 qui
908 2195 987 2245 non
1011 2169 1219 2269 producere
1246 2176 1347 2271 poffit
1376 2174 1467 2247 tales
1491 2168 1551 2244 lit-

674 2268 878 2371 presbyteri
902 2270 1066 2347 scribunt
1096 2270 1222 2373 iisque
1254 2271 1365 2349 fidem
1391 2270 1550 2363 faciunt,

649 2370 858 2448 nfeffionem
887 2369 1060 2459 edidisse,
1082 2396 1241 2473 qunque
1266 2398 1345 2449 non
1368 2371 1453 2471 alii,
1480 2368 1552 2447 nist

652 2534 662 2562 ‚
687 2472 804 2575 quise
830 2471 968 2548 bullam
983 2472 1168 2571 amplecti,
1196 2472 1452 2575 declatauerit‚
1476 2495 1549 2549 nec

650 2634 657 2660 ,
697 2592 738 2649 ot
765 2574 941 2649 nonnulli
976 2572 1182 2674 presbyteri
1213 2600 1297 2650 cum
1327 2575 1368 2650 in
1395 2571 1549 2651 ciuitate
1610 2598 1619 2617 ‘

651 2700 702 2751 un
727 2673 770 2748 in
798 2674 879 2749 aliis
902 2674 1184 2774 prouinciarum
1210 2676 1425 2776 gallicarum
1448 2673 1550 2752 vrbi-

651 2774 708 2850 dis
733 2773 978 2862 sacramenta,
1010 2774 1053 2851 ab
1080 2773 1216 2852 iisdem
1241 2775 1423 2876 expetita,
1455 2775 1546 2853 ideo

652 2897 717 2965 ent,
746 2877 837 2977 quia
861 2875 980 2953 dictas
1004 2876 1139 2953 litteras
1179 2876 1411 2955 confessionis
1444 2874 1548 2954 haud

652 3002 794 3079 ponere
827 2977 979 3079 illisque
1018 2977 1233 3055 confirmare
1270 2976 1545 3078 potuerint„se

653 3136 661 3178 ,
680 3080 746 3181 qui
763 3080 870 3155 bullae
890 3080 926 3157 se
951 3078 1190 3159 subiicerent.
1254 3085 1328 3157 Res
1355 3078 1476 3155 delato
1494 3079 1547 3161 est

654 3209 672 3254 s
697 3180 830 3257 ciuiles
858 3197 899 3256 a'c
926 3183 1171 3281 parlamenta‚
1207 3205 1288 3281 que
1313 3183 1422 3279 plane
1442 3177 1560 3255 iniu-¹
1648 3224 1651 3232 ·

653 3281 856 3368 dicarunt,
882 3307 964 3358 eam
994 3281 1043 3357 ob
1068 3280 1225 3356 cauffam
1249 3280 1422 3357 homines
1451 3279 1546 3356 asa-

653 3407 810 3469 nouere,
864 3382 1020 3458 uoniam
1045 3382 1091 3457 ad
1119 3381 1256 3457 bullam
1279 3379 1543 3458 clementinam

653 3483 768 3584 haud,
792 3408 930 3559 adduci
960 3483 1169 3583 potuerint,
1205 3482 1387 3583 istosque,
1420 3505 1543 3658 fluum

653 3587 693 3662 is
720 3584 835 3662 e'vita
851 3582 1038 3671 abiissent,
1063 3583 1181 3660 veluti
1199 3583 1334 3684 impios
1356 3609 1398 3660 ac
1436 3585 1544 3684 epul-
1664 3583 1667 3590 ’

653 3712 731 3784 gnos
756 3685 955 3764 declarare.
1007 3687 1178 3764 Praesules
1202 3707 1349 3774 eontra,
1369 3684 1441 3860 gui
1473 3709 1543 3783 pro

653 3790 915 3887 c,postularunt
933 3786 1152 3887 obsequium
1174 3796 1368 3887 erga¹man
1397 3807 1453 3862 ata
1476 3784 1542 3859 sua

653 3889 783 3966 'ionem
813 3910 940 3966 contra
962 3894 1188 3989 parlamenta
1217 3887 1406 3974 fecerunt,
1435 3881 1542 3985 quod

654 4010 726 4077 snt,
752 3989 798 4067 de
824 3991 936 4067 rebus
956 3989 1206 4066 ecclesiasticis
1222 3985 1420 4069 sententias
1444 3983 1541 4062 ferre
1666 4013 1668 4017 ·

654 4092 680 4167 is
702 4090 793 4168 sacri
808 4092 1044 4196 isnminuere.
1555 4129 1557 4134 ·

901 4243 1007 4339 (ω
1035 4260 1053 4330 3
1389 4235 1541 4334 Metu·

653 4420 1313 4446 mmm-“-
1329 4415 1540 4432 ⁸—-

653 4514 798 4596 'otgieter,
826 4507 1097 4581 amstelodamenfie
1128 4509 1309 4586 Wytmsns‚
1335 4465 1490 4586 liegienfim
1512 4512 1544 4562 et

653 4598 838 4670 hreiectinus,
862 4595 1019 4677 fin-ulnres
1064 4592 1214 4668 catalogos,
1236 4590 1394 4659 librorum,
1425 4585 1477 4666 qui
1504 4579 1542 4642 nd

652 4702 718 4742 nem
737 4685 890 4762 unigenitus
906 4617 1046 4758 inessent,
1063 4672 1218 4736 ediderunt
1238 4670 1423 4749 cosdemque,
1447 4683 1541 4750 quum
1656 4699 1660 4708 ·

652 4767 721 4848 gine
745 4761 943 4826 controuerfin
965 4762 1052 4842 ccepti
1079 4739 1179 4828 client,
1207 4758 1424 4818 continuarunt.
1469 4749 1543 4832 Qui·
1582 4816 1589 4828 .

652 4845 866 4911 nexhibemur
890 4848 922 4910 in
946 4841 997 4909 im
1015 4840 1203 4924 nosciuldtgen
1222 4838 1412 4916 ntchriebten,
1451 4849 1542 4913 ηις.

643 4952 682 5009 19·
