4442 5900
862 612 948 666 van.
969 612 1181 668 rrarrnaccu,
1208 611 1277 656 nne
1297 612 1424 655 rnurcro
1440 612 1506 656 roci
1525 612 1700 661 Mucuxx.

864 697 905 764 ad
925 714 976 761 res
993 687 1222 786 principales,
1262 679 1324 782 ipsr
1342 677 1510 776 obiectae,
1544 683 1591 759 ite
1621 683 1711 858 resp<

863 814 1012 886 rumque
1031 787 1106 859 suris
1128 783 1212 870 esse,
1234 794 1395 882 pururetj'
1422 781 1613 880 floreret,
1641 813 1661 859 u
1686 813 1711 858 u

863 913 932 962 rem
956 893 1028 960 eius
1044 912 1115 960 non
1133 885 1378 986 adsequutum:
1405 884 1505 958 verbo
1518 887 1558 958 nd
1576 886 1711 987 perueri

864 987 1011 1064 traxisse:
1040 1011 1175 1062 errores
1214 991 1247 1060 ei
1288 983 1371 1059 salso
1409 985 1582 1082 tribuisse3
1630 1010 1711 1088 praer

864 1091 1057 1187 exemplum
1080 1087 1184 1162 hostis
1203 1085 1254 1160 sui
1272 1085 1454 1185 sequutus,
1487 1086 1654 1162 acerbiori
1673 1085 1711 1162 scr

862 1214 1026 1266 uteretur.
1045 1193 1142 1262 Edita
1159 1190 1220 1262 hoc
1240 1191 1395 1282 Stengeri
1413 1185 1647 1288 responsione,
1673 1215 1711 1263 ur

864 1295 951 1364 iuris
970 1287 1094 1389 publici
1110 1284 1216 1362 fecit:
1236 1280 1471 1388 florigerismum
1486 1291 1711 1363 condemur

863 1391 965 1488 rifi-he
976 1391 1183 1463 uerurtber‘ite
1192 1391 1261 1460 ond
1272 1391 1437 1462 verdamre
1446 1389 1543 1488 lehre,
1565 1389 1711 1466 Cinfinr

864 1495 988 1566 iudicia
1005 1493 1047 1564 dc
1061 1493 1214 1565 doctrina
1233 1489 1451 1586 stengerienn,
1465 1517 1540 1589 quae
1554 1497 1666 1588 rogati
1678 1491 1711 1567 th

841 1681 843 1686 Ι
865 1593 924 1678 ses,
940 1595 1077 1664 siricius
1091 1590 1268 1686 giessensrs,
1285 1596 1350 1666 riri
1367 1592 1529 1666 ordinum
1541 1591 1711 1667 sectorum

864 1689 1236 1788 augustanivlrncnses,
1248 1689 1451 1776 lubecenses,
1463 1693 1709 1791 hamburgense

865 1795 927 1892 scs,
940 1790 1163 1886 coburgcnses
1174 1793 1212 1864 od
1223 1816 1301 1864 eum
1315 1789 1587 1891 perscripserunt,
1595 1800 1711 1868 coniur

864 1921 901 1967 vt
922 1891 1080 1967 omnibus
1107 1916 1228 1966 noturn
1254 1889 1380 1988 fieret,
1412 1917 1552 1968 cunctos
1573 1899 1711 1969 nominc

864 1999 1022 2093 Stengeri
1049 1995 1204 2088 dogmata
1222 1990 1380 2070 reiecisse.
1456 1993 1618 2068 Praernifir
1641 2017 1711 2095 pree

864 2102 1017 2182 riorcm,
1040 2097 1200 2194 inprimis
1223 2117 1338 2165 contre
1362 2087 1512 2168 senorum
1536 2091 1711 2171 ersurtens·

864 2199 1040 2292 Stengeri,
1066 2195 1234 2270 seniorem
1258 2192 1437 2268 ministerii
1454 2195 1651 2292 euangelici.
1702 2201 1711 2270 l

863 2297 978 2382 hunc,
1006 2291 1132 2370 emisit:
1166 2290 1402 2390 flengerrfinum
1428 2317 1637 2379 metaurum
1665 2299 1711 2370 od

860 2418 931 2498 gott
948 2391 1042 2466 -und
1065 2392 1244 2492 grundloſss
1264 2391 1509 2486 chrrstmhum,
1542 2423 1618 2472 eum
1640 2421 1711 2498 prae

863 2495 1035 2570 acerbiore
1050 2491 1209 2567 aduersus
1230 2493 1405 2568 ministros
1430 2491 1525 2570 verbi
1547 2499 1658 2571 diuini
1680 2497 1711 2574 fr

863 2623 882 2670 u
902 2593 1026 2696 quibus
1042 2592 1074 2667 se
1091 2589 1259 2666 offensum
1280 2591 1360 2686 esse,
1383 2595 1443 2669 fibi
1462 2591 1708 2696 persuadebat,

863 2701 899 2771 in
920 2695 1063 2787 litteris,
1086 2693 1128 2766 ad
1144 2692 1313 2768 senatores
1331 2693 1536 2771 erfurteuser
1557 2697 1661 2784 dotis.
1697 2701 1711 2772 r*

861 2823 930 2872 uon
948 2795 1022 2866 satir
1040 2790 1232 2868 honorifice
1250 2795 1476 2871 iudicauerint
1500 2821 1602 2900 utque
1623 2803 1659 2873 in
1676 2825 1711 2875 rc

862 2899 1016 2972 Stcnccri
1034 2895 1209 2970 erroribus
1233 2895 1377 2972 sneciern
1401 2899 1582 2972 conciliare
1603 2922 1707 2973 rroue
