4442 5900
1941 653 1946 658 ·
2015 643 2154 694 tate
2191 615 2349 690 sunt
2402 613 2833 708 confirmati3
2898 617 3211 710 dogmata
3255 641 3422 690 nutes

2013 717 2267 800 rirffimn
2323 715 2481 791 sunt
2530 741 2605 790 oc
2650 718 2879 811 magni
2938 723 3297 810 momenti,
3345 745 3422 789 nc

2015 827 2450 903 temeritate,
2500 817 2834 891 damnata.
2941 823 3211 891 Paucis:
3274 826 3422 892 conl

2009 917 2353 1018 pontifex,
2396 919 2661 992 abunde
2716 945 2791 992 nc
2830 919 3209 994 luculenter
3244 919 3422 994 restat

2013 1020 2287 1106 ecclelia
2323 1045 2603 1102 romana
2654 1021 3101 1120 triumphare.

2938 1161 3000 1258 §.
3100 1161 3222 1243 IX.

2136 1295 2429 1370 thm
2498 1291 2874 1394 pontificis
2944 1290 3253 1380 romani,
3314 1294 3422 1372 Cls

1909 1393 2349 1498 Qesnellii
2388 1420 2681 1470 nouum
2746 1393 3257 1469 testamentum
3310 1418 3422 1469 em

1911 1495 2000 1571 in
2037 1495 2295 1572 Gallia
2330 1495 2688 1596 excitauit
2731 1519 2815 1570 ac
2863 1493 3063 1568 viros
3114 1492 3399 1569 ordinis

1911 1596 2258 1681 distraxit,
2316 1619 2637 1696 quarum
2695 1599 2918 1672 altera
2962 1619 3201 1695 eaque
3250 1595 3422 1670 mai<

1911 1702 2062 1773 lam
2113 1720 2303 1796 pure
2351 1722 2437 1772 ac
2474 1695 2893 1796 fimpliciter
2936 1695 3422 1795 recipiendarr

1910 1823 2078 1876 earn
2114 1824 2275 1874 non
2316 1797 2705 1898 adprobari
2732 1794 2933 1912 posse
2958 1857 2979 1887 ,
3015 1797 3149 1872 nifi
3188 1799 3422 1898 explic

1963 1898 2501 1999 ropofitionum
2558 1902 2931 1998 planiores
3004 1897 3422 1976 adiiciantu:

1903 1925 2062 2078 line
2131 2000 2453 2077 libertati
2521 1999 2833 2075 ecclefiae
2902 1999 3277 2100 gallicanae
3326 2024 3422 2100 pe

1803 2103 1809 2108 ’
1901 2105 2339 2178 Voluerunt
2384 2124 2694 2201 quoque
2735 2104 2987 2188 multi,
3032 2121 3113 2176 vt
3166 2100 3422 2178 concili

1905 2224 2305 2302 cogeretur
2355 2223 2578 2302 atque
2630 2200 2712 2276 in
2758 2225 2848 2277 eo
2906 2202 3109 2278 fieret
3170 2199 3415 2279 delibe

1897 2307 2050 2378 lam
2101 2304 2184 2400 in
2237 2301 2491 2380 Gallia
2542 2301 2977 2402 recipiendi,
3026 2301 3159 2404 qui
3214 2327 3422 2404 nequ

1901 2403 2120 2480 tificis
2155 2430 2174 2492 ;
2248 2427 2503 2504 neque
2529 2403 2939 2480 libertatem
2982 2402 3293 2480 ecclefiae
3328 2429 3422 2504 ga

1897 2503 2270 2582 Diffenfio
2326 2503 2476 2577 haec
2520 2503 2833 2600 pariter,
2893 2529 2976 2580 ac
3032 2504 3185 2605 ipsa
3238 2503 3422 2580 bulla

1780 2685 1786 2692 ,
1897 2609 2134 2682 multa
2177 2604 2441 2702 scripta
2477 2603 3029 2702 componendi,
3080 2630 3242 2706 quae
3275 2605 3422 2683 inte

2147 2733 2295 2806 Alii
2334 2734 2406 2800 in
2460 2730 2686 2801 Gallia
2728 2757 2879 2800 cum
2909 2731 3219 2802 Rohanio
3262 2732 3416 2802 card

1992 2835 2128 2907 lam
2160 2827 2582 2941 *fimpliciter
2627 2830 3083 2941 reeipienclatn
3111 2828 3263 2941 else,-
3282 2854 3373 2941 *ist
3407 2861 3422 2904 ι
