4442 5900
873 619 1004 680 xxvm.
1019 612 1298 696 augustianam,
1310 612 1491 663 ctautecn:
1514 610 1711 663 commentatt

873 699 992 796 cra'fin,
1017 715 1189 770 MDcxuv.
1199 716 1237 788 4.
1272 716 1338 788 qua
1357 685 1503 790 expresse
1521 687 1695 782 adfirmat,

877 828 929 892 ta,
954 798 1067 870 salutis
1084 820 1217 868 aeternae
1235 789 1339 866 caussa
1358 790 1601 890 cognoscenda,
1632 791 1711 890 syml

845 925 848 930 ’
877 901 1047 975 contineri
1062 923 1098 970 ac
1117 897 1280 996 quoniam
1295 889 1446 967 formula
1466 893 1572 966 heco
1596 895 1711 968 luthcr

868 997 921 1076 ¹tis
941 1026 978 1072 ac
995 995 1179 1098 pontificiis
1196 993 1236 1068 sn
1254 1018 1412 1094 recepta,
1434 991 1577 1089 sequier
1590 1019 1652 1086 eo,
1674 1019 1711 1068 vt

875 1107 966 1176 inter
999 1099 1032 1173 se
1059 1096 1251 1170 dissentiant
1283 1099 1320 1168 in
1354 1097 1527 1180 articulis,
1573 1100 1636 1195 qui
1663 1096 1703 1170 ad

877 1203 958 1278 fidei
983 1203 1175 1302 pertinent,
1209 1199 1338 1297 hocque
1360 1192 1521 1270 demulsa
1540 1201 1711 1272 coniuncti

875 1325 988 1406 queat.

939 1441 992 1518 Ab
1020 1467 1062 1516 eo
1091 1460 1274 1540 ternpore,
1306 1437 1466 1540 inprimis
1493 1435 1534 1514 ab
1559 1467 1648 1518 anno
1667 1461 1711 1518 Ml

877 1549 948 1622 haec
980 1569 1013 1618 et
1037 1544 1156 1615 multis
1184 1539 1315 1637 scriptis
1345 1565 1378 1614 et
1401 1567 1527 1638 magna·
1553 1547 1711 1618 enimoru

874 1651 1068 1722 continuata
1083 1641 1171 1713 sunt.
1235 1647 1352 1742 Quum
1371 1645 1463 1715 eninr
1479 1644 1607 1718 elector
1626 1649 1711 1720 Saxo

875 1751 1041 1822 Wcllerus
1067 1747 1194 1816 litteras
1216 1739 1395 1817 exarassent
1417 1743 1458 1816 ad
1486 1745 1587 1818 doces
1612 1744 1711 1819 btuns

873 1843 1071 1950 periculosis
1089 1843 1210 1915 Casixti
1225 1840 1399 1916 sententiis
1416 1846 1591 1946 conquesti
1614 1843 1711 1920 essem

853 1951 908 2024 'su
922 1949 1118 2048 principum
1139 1939 1279 2016 suorum
1296 1939 1527 2020 defensionem
1558 1944 1687 2048 scripsrt

870 2054 975 2144 vidit,
998 2046 1057 2119 sub
1074 2045 1199 2119 titulo:
1219 2045 1343 2114 Calixn‘
1362 2055 1603 2118 aerantuorrun
1637 2047 1703 2144 ars

874 2154 939 2224 ihm
955 2158 989 2219 in
1007 2148 1067 2218 der
1086 2143 1265 2240 churfursts.
1286 2145 1410 2218 durcbs.
1436 2169 1481 2218 zu
1499 2149 1581 2222 Sul
1592 2153 1633 2218 ets
1653 2175 1711 2222 vm

913 2255 1042 2346 sdigers
1073 2253 1116 2322 D.
1144 2239 1248 2318 sacoss
1280 2247 1403 2318 Wessers
1427 2269 1471 2318 an
1498 2249 1552 2322 die
1581 2256 1711 2346 regim

870 2348 1114 2446 Braunscblveig
1128 2347 1196 2419 ond
1211 2346 1379 2444 Luneburg
1392 2347 1613 2450 ausgesoffmen
1623 2349 1711 2448 schrl

871 2453 941 2528 vnd
959 2449 1157 2551 seygemeffen
1176 2447 1324 2530 worden,
1349 2449 1419 2521 stne
1436 2457 1608 2524 mentione
1628 2453 1696 2530 loci

870 2575 992 2634 MDcls
1042 2556 1176 2624 Exierat
1195 2573 1231 2619 ea
1251 2549 1390 2646 quidem
1405 2549 1509 2626 inscio
1521 2575 1678 2636 auctores
1700 2579 1711 2654 1

871 2657 953 2752 lam,
973 2675 1102 2725 auctam
1120 2650 1289 2746 variisque
1308 2649 1582 2726 adnotationibus
1612 2653 1711 2728 instrt

873 2761 936 2829 tim
955 2775 1072 2826 contra
1088 2751 1290 2844 Wellerum,
1313 2753 1613 2832 Calixtusedidie*
1661 2761 1711 2829 Ex

873 2860 940 2930 hoe
972 2852 1176 2950 prodierat,
1213 2849 1323 2924 statim
1340 2854 1375 2926 id
1394 2853 1633 2954 impugnatum
1652 2853 1703 2930 est
