4442 5900
1973 612 2297 682 maxime
2338 628 2379 678 a
2422 610 2861 677 leholasticis
2909 627 2993 678 ac
3030 612 3313 678 iei’uitis
3361 629 3422 676 c<

1977 703 2413 782 conferrent
2442 723 2515 778 at
2570 723 2663 777 ue
2691 700 2771 775 in
2814 702 2897 776 in
2928 703 3152 777 variis
3182 702 3422 799 libris}

1941 801 2476 904 instituenda,
2584 820 2824 888 arent,
2886 801 3309 878 cuiusmodi
3396 811 3422 876 1

1981 903 2242 1008 primis
2336 901 2657 978 lansenii
2748 901 3129 980 sectatores
3222 903 3422 979 conse

1982 1003 2540 1106 pontificiorum
2611 1000 2871 1100 scripta
2908 1003 3210 1079 moralia
3294 1004 3422 1078 iarr

1980 1109 2231 1187 nulla,
2279 1127 2439 1202 quae
2471 1100 2935 1179 emendatam
3026 1104 3422 1181 doctrinam

1980 1203 2161 1283 bent
2235 1229 2318 1279 ac
2378 1200 2691 1315 reliquis
2748 1202 3106 1307 dignitate
3164 1226 3386 1306 atque

1980 1304 2138 1381 istis
2186 1325 2433 1380 autem
2476 1306 2619 1378 alia
2664 1301 3142 1408 adiungenda
3176 1305 3362 1384 sunt.

1975 1404 2389 1484 lebritatem
2426 1423 2649 1506 atque
2700 1403 3308 1485 existimationem
3343 1405 3422 1482 fik

2203 1569 2443 1622 vanu
2497 1573 2831 1622 mcour
2895 1546 3066 1645 effin‘s
3128 1549 3209 1622 de
3282 1575 3422 1621 mor

2083 1673 2385 1748 quorum
2464 1655 2767 1748 primum
2819 1675 2887 1722 et
2948 1648 3304 1722 secundum
3364 1652 3422 1724 lu

2077 1766 2454 1826 MDCLXXI.
2492 1755 2768 1822 tertium
2808 1769 3189 1826 MDCLxxv.
3236 1777 3422 1848 quari

1979 1883 1984 1890 ·
2082 1872 2229 1919 tum
2260 1866 2503 1922 Mocc-
2541 1847 2793 1922 sextum
2830 1871 3194 1924 Moccxw.
3256 1861 3422 1924 ιι*

2082 1948 2497 2047 theologiques
2529 1968 2595 2020 et
2623 1952 2884 2022 morata
2903 1947 3025 2045 sur
3060 1951 3115 2020 le
3134 1959 3403 2052 premier

2074 2048 2297 2142 logne,
2344 2053 2548 2123 Paris.
2575 2070 2900 2126 MDcclx.
2931 2074 3035 2124 12.
3074 2051 3343 2124 duobus
3378 2078 3422 2125 t<

1673 2191 1722 2236 s
2081 2147 2383 2236 tutibus,
2433 2174 2595 2245 quas
2624 2177 2881 2232 vocant,
2920 2151 3317 2247 theologicis
3343 2211 3363 2246 ,
3410 2164 3422 2226 1

1611 2237 1638 2266 “
2077 2246 2353 2342 copiose
2398 2253 2576 2344 agit,
2649 2277 2720 2323 vr
2763 2257 3105 2347 integrum
3154 2256 3365 2326 veluti
3416 2281 3422 2323 ι

1975 2415 1982 2422 ,
2073 2347 2399 2445 pendium
2441 2349 2788 2429 exhibeam
2834 2379 2973 2450 quo
3018 2358 3247 2425 minus
3288 2377 3422 2426 aut«

1975 2521 1980 2528 ,
2071 2447 2303 2538 endem
2354 2453 2615 2550 ratione
2656 2455 3035 2548 explanaret
3082 2479 3156 2526 ac
3206 2479 3422 2552 coepru

2066 2570 2215 2629 ret,
2263 2572 2485 2619 morte
2526 2555 2893 2649 impeditus
2933 2548 3091 2624 fuit.
3218 2552 3422 2626 Refer

1889 2655 1896 2662 '
1977 2701 1982 2706 .
2053 2646 2218 2741 stola
2262 2652 2446 2735 eius,
2514 2651 2708 2724 edirae
2774 2653 2895 2725 sub
2956 2654 3202 2727 titulo:
3264 2657 3422 2726 lettr
