4442 5900
2209 635 2585 682 annuet
2626 632 3216 705 anuntqvtzu
3254 612 3422 704 sunu.

2060 735 2198 786 tres
2243 733 2467 786 tomos
2510 706 2719 781 diuisa
2766 732 2966 803 atque
3010 709 3227 803 edita,
3302 715 3422 776 Ven

2057 818 2383 906 Mogunt.
2413 825 2742 884 MDCXIII.
2790 811 2860 878 in
2890 834 3018 904 qua
3053 833 3275 879 autem
3314 808 3399 879 de

2059 911 2204 985 ficis
2254 909 2580 1008 potestate
2623 934 2691 979 et
2746 910 3071 979 electione
3099 934 3116 982 ε
3170 909 3254 980 de
3303 933 3422 978 con

2059 1015 2206 1085 aliis
2254 1010 2654 1084 huiusmodi
2697 1009 3121 1105 dogmatibus
3170 1034 3385 1105 quum

2061 1113 2386 1184 tractandi
2426 1114 2689 1182 ratione
2722 1110 3175 1205 colligendum
3212 1111 3344 1192 est,
3380 1135 3420 1206 q

2056 1213 2270 1286 talem
2304 1236 2481 1310 opus
2510 1213 2643 1281 hoc
2670 1211 3213 1308 comprehendat.
3312 1212 3422 1306 Q

2056 1337 2164 1384 ma
2202 1313 2459 1382 moralis
2474 1311 3043 1408 sacramentorum,
3079 1337 3151 1384 ea
3184 1317 3413 1385 Romae

2060 1415 2142 1487 tii
2190 1413 2493 1484 damnata
2550 1410 2855 1509 hancque
2908 1412 2996 1485 ob
3042 1437 3185 1486 rem
3227 1417 3299 1488 in
3348 1437 3422 1512 p<

2059 1517 2277 1590 tectio
2316 1510 2611 1612 suscepta
2651 1513 2777 1587 est:
2803 1515 2845 1589 ἶ*

2209 1639 2635 1688 ινυονιει
2677 1642 2775 1686 οι
2818 1637 3219 1686 unx-mou
3260 1609 3422 1722 sumt

2054 1713 2241 1808 ralit,
2254 1713 2489 1813 septem
2522 1710 2856 1785 arboribm
2876 1717 3317 1814 comprehensa,
3340 1719 3422 1786 M

2209 1840 2627 1888 tuomum.
2684 1840 2954 1887 ιεεειι
3011 1810 3165 1884 libri
3207 1834 3422 1918 quatu«

1985 1931 1994 1938 '
2046 1921 2330 2016 terisque
2403 1910 2758 1986 virtutibus
2844 1911 3274 1986 cardinalibus
3298 1973 3317 2006 ,
3386 1921 3422 1987 1

2043 2036 2318 2094 MDCVI.
2345 2012 2466 2088 fol.
2512 2042 2585 2088 ac
2609 2013 2844 2112 saepius
2873 2015 3061 2090 editi.
3168 2017 3275 2090 Ad
3305 2018 3419 2114 qui

1931 2161 1956 2196 -‚
2045 2119 2263 2188 tiones
2297 2115 2600 2188 adiuncta
2639 2115 2731 2190 est
2775 2112 3133 2188 dissertatio
3164 2117 3251 2190 de
3281 2141 3422 2188 mon

2041 2214 2413 2286 dunensem
2448 2220 2601 2288 anni
2622 2233 2965 2290 MDCXXX.
3018 2245 3067 2288 τ
3084 2243 3127 2288 n
3148 2245 3181 2290 ι
3197 2242 3238 2289 o
3254 2242 3286 2288 ι’
3306 2244 3389 2288 m
3412 2243 3422 2288 1

2028 2335 2150 2414 pro
2181 2317 2502 2388 Leonardo
2533 2312 2711 2413 Lqfflo
2743 2315 2825 2385 de
2851 2318 3027 2388 licito
3064 2316 3172 2411 vsu
3213 2323 3422 2418 aquia«

2034 2412 2551 2509 nstv-nationum,
2586 2413 2886 2513 aduerfiu
2931 2424 3407 2489 criminationes

2035 2513 2176 2588 bris
2201 2516 2306 2586 lus
2335 2521 2531 2611 prior
2573 2540 2801 2588 tomus
2848 2545 2886 2590 ι
2908 2547 2941 2590 ε
2958 2543 2986 2588 s
3002 2545 3031 2588 s
3047 2546 3071 2588 1
3098 2547 3115 2590 ι
3146 2540 3395 2619 opernm

2186 2643 2212 2688 ι
2227 2641 2289 2686 ο.
2333 2644 2368 2686 Α
2388 2645 2423 2684 z
2442 2643 2482 2686 o
2501 2645 2538 2685 R
2558 2645 2579 2686 ι
2600 2645 2621 2686 1
2653 2617 3067 2710 institutiones
3100 2619 3367 2692 morales
3384 2669 3409 2706 ,

2032 2740 2336 2753 --..........
2396 2713 2531 2753 ε-Γ,
2575 2719 2783 2753 -J:.1:-
2820 2721 3050 2753 ·n-.-...
3090 2737 3257 2753 -..υ-
3340 2719 3422 2753 ,1.-
