4442 5900
624 812 823 870 rrovrttc
857 808 1153 865 trrntntnon.
1186 805 1360 865 nouare.
1492 788 1566 887 659

624 960 722 1033 tatio
751 952 822 1027 hac
843 975 915 1024 non
941 950 1147 1023 mediocrem
1199 954 1309 1049 eperit
1341 952 1563 1043 offensionem

624 1084 659 1134 te
684 1052 873 1157 pontificiis
888 972 1257 1150 occufionempraesuit,
1285 1052 1414 1131 bellum
1432 1060 1563 1136 hocin·

625 1157 784 1235 ridendi.
831 1158 924 1227 Inter
958 1154 1040 1231 illos,
1073 1177 1347 1229 tnvueurtvt
1378 1186 1560 1241 tantave

624 1263 722 1334 cllain
758 1252 1015 1357 ubiquittjlic'um,
1060 1271 1154 1323 vaur
1187 1272 1219 1323 et
1250 1280 1383 1353 nouum,
1412 1265 1560 1363 Dilling.

624 1418 631 1441 .
670 1384 733 1437 12.
758 1384 796 1431 ac
827 1359 1021 1453 germanice
1043 1351 1103 1425 sub
1128 1354 1253 1429 titulo:
1275 1358 1358 1429 alter
1374 1350 1560 1439 vnd'neuer

624 1489 640 1561 g
672 1458 824 1534 vander
852 1455 1039 1557 ubiquitaet,
1073 1452 1254 1549 lngollltd.
1285 1478 1561 1548 MDcxxt1.12.

624 1586 711 1638 tunt
727 1558 890 1659 scriptum
907 1559 1063 1659 quamuis
1077 1556 1170 1627 nulla
1186 1554 1402 1655 responsione
1416 1565 1560 1661 dignum

624 1667 641 1739 l
682 1686 972 1736 tamenfntcuu.
1006 1682 1213 1729 ereatura
1251 1660 1287 1727 in
1314 1655 1493 1761 responfiane
1517 1670 1566 1743 ad

624 1768 818 1869 puitisticum
837 1762 960 1849 Foreri,
993 1754 1085 1855 Lips.
1106 1775 1298 1832 ntncxxtx.
1323 1773 1358 1845 8.
1378 1764 1564 1861 calligeuit.
1609 1808 1614 1825 =

624 1862 886 1943 enuntiandum
907 1858 964 1947 cll,
986 1857 1078 1955 quod
1098 1860 1220 1928 veritas
1245 1858 1403 1961 pullulat,
1434 1865 1564 1947 bellum

624 1966 725 2041 'anser
742 1977 780 2038 ic
802 1956 1017 2055 tubingenses
1043 1957 1144 2055 plane
1163 1958 1389 2043 laudandans
1422 1991 1480 2042 eut
1507 1974 1563 2045 ad.

624 2095 651 2143 n
671 2064 753 2161 etse,
771 2064 916 2137 videtur.
968 2065 1033 2131 Ret
1060 2057 1276 2131 controuerso
1296 2086 1367 2135 non
1390 2073 1473 2140 tanti
1491 2096 1565 2150 eret
1651 2096 1660 2121 ⁸

647 2194 689 2241 vt
716 2168 775 2239 illa
795 2168 832 2236 in
851 2163 1043 2255 longiorem
1068 2155 1341 2257 disceptationem
1363 2171 1566 2249 meritove.

624 2292 753 2367 amque
775 2263 817 2336 dc
845 2266 953 2362 capite
973 2260 1154 2357 principali
1182 2259 1444 2358 consentiebant,
1468 2298 1566 2347 natu·

624 2396 693 2445 tent
716 2394 754 2439 ec
772 2366 955 2436 humanam
979 2366 1024 2433 ita
1044 2364 1081 2430 in
1104 2356 1229 2433 christo
1250 2366 1465 2441 coniunctam
1491 2372 1565 2463 else,

624 2498 639 2545 e
674 2492 779 2540 vnum
809 2460 987 2563 personam
1009 2458 1208 2551 constituam
1243 2488 1306 2561 per
1335 2468 1421 2541 hunc
1450 2498 1566 2551 autent

624 2568 755 2645 christo
770 2566 906 2641 homini
923 2566 1166 2637 communicata
1183 2558 1281 2634 suilse
1300 2565 1459 2643 idiomata
1478 2574 1569 2649 diui·

624 2672 717 2755 estio,
733 2668 776 2741 de
803 2691 871 2763 qua
888 2688 958 2737 erat
983 2658 1148 2755 dilseulio,
1175 2660 1339 2759 spectabat
1370 2692 1500 2747 tantum
1524 2680 1568 2752 td

627 2773 888 2847 municatorum
911 2766 1126 2846 idiomatum,
1143 2764 1304 2859 inprimis
1327 2774 1569 2867 omnipraesen-

624 2858 777 2947 scientiae
809 2894 847 2939 ac
872 2864 972 2939 stmul
994 2862 1172 2956 regiminis
1201 2860 1312 2936 diuini
1337 2870 1373 2939 in
1393 2870 1478 2947 statu
1497 2882 1571 2952 eri-

624 3033 636 3072 ,
663 2998 751 3046 num
777 2970 836 3041 ille
860 2972 897 3038 in
927 2967 1018 3038 dicto
1037 2962 1120 3034 llatu
1148 2965 1260 3036 locum
1284 2965 1451 3064 habuerit,
1475 2975 1571 3077 fique

624 3100 744 3166 netur,
760 3069 867 3168 qualis
890 3095 926 3140 ac
946 3089 1090 3164 quantus
1110 3066 1139 3134 is
1161 3057 1279 3138 furni.
1328 3073 1403 3142 Huc
1417 3074 1458 3145 de
1472 3103 1510 3151 re
1524 3084 1573 3158 itt

624 3204 690 3260 arr,
714 3197 751 3244 vt
767 3193 908 3267 utreque
929 3193 1005 3266 pars
1029 3159 1215 3238 adfectibus
1232 3166 1428 3263 indulgeret
1448 3177 1574 3277 hisque

641 3273 892 3350 moderationis
909 3271 1018 3362 legem
1034 3265 1236 3360 negligeret.
1287 3273 1456 3346 Saxonicis
1476 3279 1573 3356 theo·

624 3370 782 3472 ingenscs
800 3397 900 3470 atque
923 3371 980 3442 ulii
1003 3365 1173 3465 speciatim
1196 3367 1456 3472 exprobrarunt,
1478 3386 1574 3478 quod

624 3480 690 3560 iro,
711 3499 807 3548 antea
825 3500 844 3544 a
862 3497 919 3544 me
941 3491 1221 3548 commemorato,
1234 3469 1411 3562 dectssonem
1436 3503 1574 3554 contro.

625 3576 870 3666 revaluerint,
885 3596 998 3744 ¹‹puum
1012 3567 1052 3642 ab
1071 3567 1140 3638 illis
1162 3565 1251 3640 nihil
1266 3571 1368 3659 eliud,
1383 3575 1444 3650 nifi
1467 3581 1576 3658 confi·

624 3676 811 3756 ectaudum
830 3669 882 3746 fui
910 3694 953 3746 ct·

624 3832 661 3884 nt
681 3831 716 3880 et
732 3801 941 3900 giessenstum
965 3823 999 3872 ct
1017 3791 1269 3893 tubingenstum
1292 3805 1503 3879 monimenta
1522 3807 1575 3882 hi·

643 3915 707 3984 lite
726 3905 795 3986 hic,
813 3931 888 4003 qum
906 3926 1013 4000 quum
1030 3902 1122 3969 inter
1139 3895 1171 3968 se
1189 3897 1389 4000 discrepant,
1415 3907 1472 3978 ille
1494 3934 1574 3980 cort-

658 4033 761 4106 utque
781 4010 828 4076 ita
856 4003 997 4098 legenda
1019 3999 1109 4082 sunt,
1136 4021 1172 4071 tt
1202 4003 1284 4096 quid
1316 4029 1457 4079 verunt:
1494 4008 1579 4105 quid

624 4112 735 4184 tilhs
767 4105 865 4199 infit,
890 4129 981 4175 recte
1012 4099 1229 4171 diiudicetur.
1280 4103 1461 4198 Postquam
1488 4137 1580 4181 att·

675 4231 934 4284 nenrzenvs
964 4199 1124 4295 historiam
1154 4204 1365 4297 controurrssae
1395 4203 1582 4305 tubittgcrtstr

624 4318 674 4384 ria
701 4328 734 4381 et
755 4305 833 4402 ittsla
855 4301 1029 4399 descnfianc,
1053 4325 1154 4398 quam
1179 4324 1274 4374 antea
1297 4305 1459 4394 recensui,
1485 4311 1582 4382 erhi-

624 4437 692 4514 que
716 4413 886 4502 originem
905 4400 1242 4501 progresstottemque
1260 4405 1498 4478 controuerhae
1520 4409 1585 4483 hu·

624 4509 830 4610 gielscnhbus
853 4527 1067 4595 narrauetat,
1092 4499 1306 4599 tubingenses
1331 4505 1586 4601 opposuerunt:
1679 4566 1684 4578 ,

624 4620 790 4696 tzeriana,
816 4611 873 4678 hoc
904 4606 961 4699 est,
981 4604 1090 4697 iustam
1117 4620 1150 4671 et
1169 4604 1364 4697 necessariam
1388 4607 1587 4700 defcnfionem

624 4723 731 4788 imam
751 4727 879 4811 purtem
906 4705 1022 4800 iniussn
1055 4723 1088 4773 et
1113 4727 1173 4772 non
1209 4703 1377 4798 necrffrrt'ae
1408 4707 1588 4804 descnfionis

624 4818 796 4908 Memmi,
812 4807 881 4884 stuc
898 4809 989 4882 illius
1007 4805 1185 4880 historiam
1201 4808 1392 4878 certaminis
1410 4809 1590 4908 tubingen·

841 4910 851 4930 '¹
1037 4910 1139 4986 th
1536 4913 1590 4998 sta,
