<?xml version="1.0" encoding="UTF-8"?>
<!DOCTYPE html PUBLIC "-//W3C//DTD XHTML 1.0 Transitional//EN"
    "http://www.w3.org/TR/xhtml1/DTD/xhtml1-transitional.dtd">
<html xmlns="http://www.w3.org/1999/xhtml" xml:lang="en" lang="en">
 <head>
  <title>
</title>
<meta http-equiv="Content-Type" content="text/html;charset=utf-8" />
  <meta name='ocr-system' content='tesseract 3.04.00' />
  <meta name='ocr-capabilities' content='ocr_page ocr_carea ocr_par ocr_line ocrx_word'/>
</head>
<body>
  <div class='ocr_page' id='page_1' title='image "./iogeorgiiwalchi01walcgoog/iogeorgiiwalchi01walcgoog_1095.png"; bbox 0 0 4442 5900; ppageno 0'>
   <div class='ocr_carea' id='block_1_1' title="bbox 1010 612 1544 2766">
    <p class='ocr_par' dir='ltr' id='par_1_1' title="bbox 1010 612 1544 2766">
     <span class='ocr_line' id='line_1_1' title="bbox 1010 612 1544 2766; baseline 0 0"><span class='ocrx_word' id='word_1_1' title='bbox 1010 612 1544 2766; x_wconf 95' lang='lat' dir='ltr'><strong> </strong></span> 
     </span>
    </p>
   </div>
   <div class='ocr_carea' id='block_1_2' title="bbox 2020 608 3422 652">
    <p class='ocr_par' dir='ltr' id='par_1_2' title="bbox 2020 608 3422 652">
     <span class='ocr_line' id='line_1_2' title="bbox 2020 608 3422 652; baseline -0.002 -26"><span class='ocrx_word' id='word_1_2' title='bbox 2020 612 2070 626; x_wconf 84' lang='lat'><strong>-.</strong></span> <span class='ocrx_word' id='word_1_3' title='bbox 2095 612 2343 650; x_wconf 74' lang='lat'><em>„.‚.....,</em></span> <span class='ocrx_word' id='word_1_4' title='bbox 2412 612 2447 630; x_wconf 71' lang='grc'><em>-</em></span> <span class='ocrx_word' id='word_1_5' title='bbox 2476 610 2705 650; x_wconf 46' lang='lat' dir='ltr'><strong>...n-Q.</strong></span> <span class='ocrx_word' id='word_1_6' title='bbox 2728 610 3025 628; x_wconf 51' lang='lat' dir='ltr'><strong>„mv-m.</strong></span> <span class='ocrx_word' id='word_1_7' title='bbox 3048 610 3061 626; x_wconf 90' lang='lat'><em>.</em></span> <span class='ocrx_word' id='word_1_8' title='bbox 3082 609 3189 644; x_wconf 74' lang='grc'><strong>..,,.</strong></span> <span class='ocrx_word' id='word_1_9' title='bbox 3246 608 3371 648; x_wconf 59' lang='lat'><strong>⁸¹⁸·-</strong></span> <span class='ocrx_word' id='word_1_10' title='bbox 3406 608 3422 652; x_wconf 57' lang='grc' dir='ltr'>Ι</span> 
     </span>
    </p>
   </div>
   <div class='ocr_carea' id='block_1_3' title="bbox 1931 655 3422 2276">
    <p class='ocr_par' dir='ltr' id='par_1_3' title="bbox 1931 655 3422 1130">
     <span class='ocr_line' id='line_1_3' title="bbox 2023 655 3422 748; baseline -0.004 -19"><span class='ocrx_word' id='word_1_11' title='bbox 2023 683 2115 729; x_wconf 83' lang='lat' dir='ltr'><strong>rae</strong></span> <span class='ocrx_word' id='word_1_12' title='bbox 2155 657 2465 730; x_wconf 76' lang='lat' dir='ltr'><strong>humanae</strong></span> <span class='ocrx_word' id='word_1_13' title='bbox 2512 658 2816 730; x_wconf 91' lang='lat' dir='ltr'><strong>conditio</strong></span> <span class='ocrx_word' id='word_1_14' title='bbox 2869 655 3279 748; x_wconf 83' lang='lat' dir='ltr'>explicatur,</span> <span class='ocrx_word' id='word_1_15' title='bbox 3332 678 3422 724; x_wconf 85' lang='lat' dir='ltr'><strong>tar</strong></span> 
     </span>
     <span class='ocr_line' id='line_1_4' title="bbox 2025 753 3422 857; baseline -0.003 -29"><span class='ocrx_word' id='word_1_16' title='bbox 2025 753 2206 830; x_wconf 87' lang='lat' dir='ltr'><strong>sana:</strong></span> <span class='ocrx_word' id='word_1_17' title='bbox 2258 784 2379 857; x_wconf 85' lang='lat' dir='ltr'><strong>per</strong></span> <span class='ocrx_word' id='word_1_18' title='bbox 2420 781 2767 855; x_wconf 83' lang='lat' dir='ltr'><strong>peccatum</strong></span> <span class='ocrx_word' id='word_1_19' title='bbox 2800 757 3099 854; x_wconf 87' lang='lat' dir='ltr'><strong>primum</strong></span> <span class='ocrx_word' id='word_1_20' title='bbox 3132 779 3422 851; x_wconf 86' lang='lat' dir='ltr'>corrupt</span> 
     </span>
     <span class='ocr_line' id='line_1_5' title="bbox 2033 853 3422 949; baseline -0.003 -21"><span class='ocrx_word' id='word_1_21' title='bbox 2033 882 2098 928; x_wconf 90' lang='lat' dir='ltr'><strong>te</strong></span> <span class='ocrx_word' id='word_1_22' title='bbox 2143 863 2329 930; x_wconf 86' lang='lat' dir='ltr'><strong>Sinai</strong></span> <span class='ocrx_word' id='word_1_23' title='bbox 2385 861 2457 930; x_wconf 92' lang='lat' dir='ltr'><strong>in</strong></span> <span class='ocrx_word' id='word_1_24' title='bbox 2512 859 2825 930; x_wconf 85' lang='lat' dir='ltr'>ordinem</span> <span class='ocrx_word' id='word_1_25' title='bbox 2872 857 3038 949; x_wconf 87' lang='lat' dir='ltr'><strong>legis</strong></span> <span class='ocrx_word' id='word_1_26' title='bbox 3092 853 3357 926; x_wconf 80' lang='lat' dir='ltr'><strong>redacta</strong></span> <span class='ocrx_word' id='word_1_27' title='bbox 3412 884 3422 924; x_wconf 78' lang='grc' dir='ltr'>ι</span> 
     </span>
     <span class='ocr_line' id='line_1_6' title="bbox 1931 961 3422 1054; baseline 0.001 -27"><span class='ocrx_word' id='word_1_28' title='bbox 1931 975 1936 980; x_wconf 91' lang='grc'><strong><em>·</em></strong></span> <span class='ocrx_word' id='word_1_29' title='bbox 2027 961 2371 1054; x_wconf 85' lang='lat' dir='ltr'><strong>euangelii</strong></span> <span class='ocrx_word' id='word_1_30' title='bbox 2400 961 2471 1032; x_wconf 85' lang='lat' dir='ltr'><strong>in</strong></span> <span class='ocrx_word' id='word_1_31' title='bbox 2500 983 2739 1032; x_wconf 84' lang='lat' dir='ltr'><strong>monte</strong></span> <span class='ocrx_word' id='word_1_32' title='bbox 2772 961 2935 1030; x_wconf 88' lang='lat' dir='ltr'><strong>Sion</strong></span> <span class='ocrx_word' id='word_1_33' title='bbox 2966 979 3033 1028; x_wconf 88' lang='lat' dir='ltr'><strong>et</strong></span> <span class='ocrx_word' id='word_1_34' title='bbox 3070 961 3353 1050; x_wconf 79' lang='lat' dir='ltr'><strong>gratiam</strong></span> <span class='ocrx_word' id='word_1_35' title='bbox 3393 985 3422 1029; x_wconf 86' lang='lat' dir='ltr'><strong>c</strong></span> 
     </span>
     <span class='ocr_line' id='line_1_7' title="bbox 2029 1057 2364 1130; baseline 0.009 -2"><span class='ocrx_word' id='word_1_36' title='bbox 2029 1057 2364 1130; x_wconf 82' lang='lat' dir='ltr'><strong>stituta:*</strong></span> 
     </span>
    </p>

    <p class='ocr_par' dir='ltr' id='par_1_4' title="bbox 2031 1183 3422 2276">
     <span class='ocr_line' id='line_1_8' title="bbox 2189 1183 3422 1244; baseline -0.003 -6"><span class='ocrx_word' id='word_1_37' title='bbox 2189 1194 2301 1238; x_wconf 78' lang='lat' dir='ltr'><strong>to.</strong></span> <span class='ocrx_word' id='word_1_38' title='bbox 2338 1196 2761 1244; x_wconf 70' lang='lat' dir='ltr'><strong>urcium..</strong></span> <span class='ocrx_word' id='word_1_39' title='bbox 2810 1183 3157 1244; x_wconf 61' lang='lat' dir='ltr'><strong>ortissu«</strong></span> <span class='ocrx_word' id='word_1_40' title='bbox 3180 1191 3247 1237; x_wconf 82' lang='lat'><strong>11</strong></span> <span class='ocrx_word' id='word_1_41' title='bbox 3306 1192 3422 1238; x_wconf 74' lang='lat' dir='ltr'><strong>ann</strong></span> 
     </span>
     <span class='ocr_line' id='line_1_9' title="bbox 2031 1263 3415 1363; baseline 0 -23"><span class='ocrx_word' id='word_1_42' title='bbox 2031 1269 2305 1340; x_wconf 74' lang='lat' dir='ltr'><strong>tenlehre</strong></span> <span class='ocrx_word' id='word_1_43' title='bbox 2358 1269 2475 1338; x_wconf 85' lang='lat' dir='ltr'><strong>der</strong></span> <span class='ocrx_word' id='word_1_44' title='bbox 2508 1269 2809 1363; x_wconf 78' lang='lat' dir='ltr'><strong>cbristen,</strong></span> <span class='ocrx_word' id='word_1_45' title='bbox 2850 1263 3161 1341; x_wconf 83' lang='lat' dir='ltr'><strong>Francof.</strong></span> <span class='ocrx_word' id='word_1_46' title='bbox 3206 1267 3285 1337; x_wconf 87' lang='lat' dir='ltr'><strong>ad</strong></span> <span class='ocrx_word' id='word_1_47' title='bbox 3334 1273 3415 1340; x_wconf 84' lang='lat' dir='ltr'>M</span> 
     </span>
     <span class='ocr_line' id='line_1_10' title="bbox 2033 1367 3422 1467; baseline -0.002 -26"><span class='ocrx_word' id='word_1_48' title='bbox 2033 1371 2215 1442; x_wconf 92' lang='lat' dir='ltr'><strong>libro</strong></span> <span class='ocrx_word' id='word_1_49' title='bbox 2246 1394 2483 1443; x_wconf 80' lang='lat' dir='ltr'><strong>auctor</strong></span> <span class='ocrx_word' id='word_1_50' title='bbox 2520 1397 2657 1442; x_wconf 89' lang='lat' dir='ltr'><strong>non</strong></span> <span class='ocrx_word' id='word_1_51' title='bbox 2694 1371 3005 1466; x_wconf 85' lang='lat' dir='ltr'><strong>dogmata</strong></span> <span class='ocrx_word' id='word_1_52' title='bbox 3054 1368 3329 1467; x_wconf 86' lang='lat' dir='ltr'><strong>quidem</strong></span> <span class='ocrx_word' id='word_1_53' title='bbox 3378 1367 3422 1440; x_wconf 89' lang='lat' dir='ltr'><strong>tl</strong></span> 
     </span>
     <span class='ocr_line' id='line_1_11' title="bbox 2035 1465 3422 1566; baseline -0.002 -23"><span class='ocrx_word' id='word_1_54' title='bbox 2035 1471 2509 1543; x_wconf 81' lang='lat' dir='ltr'><strong>adnotationes</strong></span> <span class='ocrx_word' id='word_1_55' title='bbox 2540 1496 2831 1566; x_wconf 80' lang='lat' dir='ltr'><strong>tantum,</strong></span> <span class='ocrx_word' id='word_1_56' title='bbox 2873 1473 2955 1542; x_wconf 87' lang='lat' dir='ltr'><strong>ad</strong></span> <span class='ocrx_word' id='word_1_57' title='bbox 3002 1471 3185 1544; x_wconf 86' lang='lat' dir='ltr'><strong>istam</strong></span> <span class='ocrx_word' id='word_1_58' title='bbox 3219 1465 3422 1566; x_wconf 63' lang='lat' dir='ltr'><strong>specta</strong></span> 
     </span>
     <span class='ocr_line' id='line_1_12' title="bbox 2037 1566 3422 1668; baseline -0.001 -24"><span class='ocrx_word' id='word_1_59' title='bbox 2037 1597 2267 1644; x_wconf 86' lang='lat' dir='ltr'><strong>tamen</strong></span> <span class='ocrx_word' id='word_1_60' title='bbox 2296 1573 2597 1668; x_wconf 88' lang='lat' dir='ltr'><strong>quodam</strong></span> <span class='ocrx_word' id='word_1_61' title='bbox 2650 1573 2869 1644; x_wconf 88' lang='lat' dir='ltr'><strong>&#39;modo</strong></span> <span class='ocrx_word' id='word_1_62' title='bbox 2910 1571 3046 1644; x_wconf 85' lang='lat' dir='ltr'><strong>huc</strong></span> <span class='ocrx_word' id='word_1_63' title='bbox 3098 1566 3347 1644; x_wconf 84' lang='lat' dir='ltr'><strong>referri</strong></span> <span class='ocrx_word' id='word_1_64' title='bbox 3394 1597 3422 1668; x_wconf 66' lang='lat' dir='ltr'><strong>f</strong></span> 
     </span>
     <span class='ocr_line' id='line_1_13' title="bbox 2035 1671 3421 1770; baseline -0.001 -26"><span class='ocrx_word' id='word_1_65' title='bbox 2035 1671 2178 1744; x_wconf 79' lang='lat' dir='ltr'><strong>fine</strong></span> <span class='ocrx_word' id='word_1_66' title='bbox 2208 1674 2599 1748; x_wconf 86' lang='lat' dir='ltr'><strong>eruditione</strong></span> <span class='ocrx_word' id='word_1_67' title='bbox 2626 1698 2828 1770; x_wconf 86' lang='lat' dir='ltr'><strong>atque</strong></span> <span class='ocrx_word' id='word_1_68' title='bbox 2874 1673 3305 1766; x_wconf 77' lang='lat' dir='ltr'><strong>adcuratione</strong></span> <span class='ocrx_word' id='word_1_69' title='bbox 3348 1677 3421 1742; x_wconf 90' lang='lat' dir='ltr'><strong>in</strong></span> 
     </span>
     <span class='ocr_line' id='line_1_14' title="bbox 2037 1771 3422 1847; baseline 0 -1"><span class='ocrx_word' id='word_1_70' title='bbox 2037 1771 2325 1846; x_wconf 78' lang='lat' dir='ltr'><strong>cessitate</strong></span> <span class='ocrx_word' id='word_1_71' title='bbox 2358 1773 2730 1846; x_wconf 68' lang='lat' dir='ltr'><strong>christianae</strong></span> <span class='ocrx_word' id='word_1_72' title='bbox 2758 1775 3079 1847; x_wconf 72' lang='lat' dir='ltr'><strong>doctrina·</strong></span> <span class='ocrx_word' id='word_1_73' title='bbox 3118 1772 3422 1846; x_wconf 88' lang='lat' dir='ltr'><strong>moralis:</strong></span> 
     </span>
     <span class='ocr_line' id='line_1_15' title="bbox 2037 1871 3422 1971; baseline -0.003 -26"><span class='ocrx_word' id='word_1_74' title='bbox 2037 1876 2122 1945; x_wconf 90' lang='lat' dir='ltr'><strong>de</strong></span> <span class='ocrx_word' id='word_1_75' title='bbox 2153 1879 2351 1964; x_wconf 85' lang='lat' dir='ltr'><strong>varia,</strong></span> <span class='ocrx_word' id='word_1_76' title='bbox 2389 1877 2496 1944; x_wconf 89' lang='lat' dir='ltr'><strong>cui</strong></span> <span class='ocrx_word' id='word_1_77' title='bbox 2532 1874 2819 1948; x_wconf 86' lang='lat' dir='ltr'><strong>obnoxia</strong></span> <span class='ocrx_word' id='word_1_78' title='bbox 2864 1871 3041 1960; x_wconf 87' lang='lat' dir='ltr'><strong>fuit,</strong></span> <span class='ocrx_word' id='word_1_79' title='bbox 3092 1877 3422 1971; x_wconf 73' lang='lat' dir='ltr'><strong>corrupti«</strong></span> 
     </span>
     <span class='ocr_line' id='line_1_16' title="bbox 2037 1973 3422 2073; baseline -0.001 -25"><span class='ocrx_word' id='word_1_80' title='bbox 2037 1979 2459 2048; x_wconf 89' lang='lat' dir='ltr'><strong>iunctionem</strong></span> <span class='ocrx_word' id='word_1_81' title='bbox 2490 1973 2939 2073; x_wconf 68' lang='lat' dir='ltr'><strong>philosophiae</strong></span> <span class='ocrx_word' id='word_1_82' title='bbox 2982 1999 3255 2071; x_wconf 80' lang='lat' dir='ltr'><strong>paganae</strong></span> <span class='ocrx_word' id='word_1_83' title='bbox 3294 2000 3422 2046; x_wconf 88' lang='lat' dir='ltr'><strong>cun</strong></span> 
     </span>
     <span class='ocr_line' id='line_1_17' title="bbox 2037 2075 3413 2173; baseline 0.001 -28"><span class='ocrx_word' id='word_1_84' title='bbox 2037 2101 2162 2172; x_wconf 85' lang='lat' dir='ltr'><strong>per</strong></span> <span class='ocrx_word' id='word_1_85' title='bbox 2196 2076 2689 2173; x_wconf 86' lang='lat' dir='ltr'><strong>scepticismum</strong></span> <span class='ocrx_word' id='word_1_86' title='bbox 2724 2075 3183 2170; x_wconf 88' lang='lat' dir='ltr'><strong>dogmaticum</strong></span> <span class='ocrx_word' id='word_1_87' title='bbox 3226 2099 3293 2146; x_wconf 89' lang='lat' dir='ltr'><strong>et</strong></span> <span class='ocrx_word' id='word_1_88' title='bbox 3346 2101 3413 2146; x_wconf 88' lang='lat' dir='ltr'><strong>m</strong></span> 
     </span>
     <span class='ocr_line' id='line_1_18' title="bbox 2039 2175 3422 2276; baseline -0.001 -30"><span class='ocrx_word' id='word_1_89' title='bbox 2039 2177 2453 2272; x_wconf 89' lang='lat' dir='ltr'><strong>theologiam</strong></span> <span class='ocrx_word' id='word_1_90' title='bbox 2486 2175 2829 2274; x_wconf 81' lang='lat' dir='ltr'><strong>mysticam</strong></span> <span class='ocrx_word' id='word_1_91' title='bbox 2860 2199 3063 2276; x_wconf 86' lang='lat' dir='ltr'><strong>atque</strong></span> <span class='ocrx_word' id='word_1_92' title='bbox 3096 2179 3255 2248; x_wconf 77' lang='lat' dir='ltr'><strong>alias</strong></span> <span class='ocrx_word' id='word_1_93' title='bbox 3296 2201 3422 2246; x_wconf 88' lang='lat' dir='ltr'><strong>cau:</strong></span> 
     </span>
    </p>
   </div>
   <div class='ocr_carea' id='block_1_4' title="bbox 2035 2291 3422 2664">
    <p class='ocr_par' dir='ltr' id='par_1_5' title="bbox 2035 2291 3422 2664">
     <span class='ocr_line' id='line_1_19' title="bbox 2195 2291 3422 2366; baseline -0.002 -5"><span class='ocrx_word' id='word_1_94' title='bbox 2195 2315 2708 2366; x_wconf 57' lang='lat' dir='ltr'><strong>caustum.</strong></span> <span class='ocrx_word' id='word_1_95' title='bbox 2768 2297 3223 2364; x_wconf 65' lang='lat' dir='ltr'><strong>nunti-toi!</strong></span> <span class='ocrx_word' id='word_1_96' title='bbox 3280 2291 3422 2362; x_wconf 74' lang='lat' dir='ltr'><strong>ethi.</strong></span> 
     </span>
     <span class='ocr_line' id='line_1_20' title="bbox 2037 2391 3422 2490; baseline 0 -28"><span class='ocrx_word' id='word_1_97' title='bbox 2037 2409 2409 2464; x_wconf 80' lang='lat' dir='ltr'><strong>MDccxlv.</strong></span> <span class='ocrx_word' id='word_1_98' title='bbox 2436 2403 2499 2474; x_wconf 86' lang='lat'><strong>8.</strong></span> <span class='ocrx_word' id='word_1_99' title='bbox 2550 2391 3031 2488; x_wconf 87' lang='lat' dir='ltr'><strong>compendium</strong></span> <span class='ocrx_word' id='word_1_100' title='bbox 3064 2449 3085 2488; x_wconf 86' lang='lat'>,</span> <span class='ocrx_word' id='word_1_101' title='bbox 3134 2393 3319 2490; x_wconf 86' lang='lat' dir='ltr'><strong>quod</strong></span> <span class='ocrx_word' id='word_1_102' title='bbox 3364 2391 3422 2466; x_wconf 75' lang='lat' dir='ltr'><strong>la</strong></span> 
     </span>
     <span class='ocr_line' id='line_1_21' title="bbox 2035 2489 3422 2664; baseline 0.001 -102"><span class='ocrx_word' id='word_1_103' title='bbox 2035 2489 2403 2664; x_wconf 48' lang='lat' dir='ltr'><strong>{Ricuaeitis</strong></span> <span class='ocrx_word' id='word_1_104' title='bbox 2464 2496 2618 2564; x_wconf 88' lang='lat' dir='ltr'><strong>iure</strong></span> <span class='ocrx_word' id='word_1_105' title='bbox 2666 2491 2787 2566; x_wconf 87' lang='lat' dir='ltr'><strong>{ibi</strong></span> <span class='ocrx_word' id='word_1_106' title='bbox 2842 2493 3135 2566; x_wconf 86' lang='lat' dir='ltr'><strong>vindicat</strong></span> <span class='ocrx_word' id='word_1_107' title='bbox 3190 2517 3265 2564; x_wconf 82' lang='lat' dir='ltr'><strong>ac</strong></span> <span class='ocrx_word' id='word_1_108' title='bbox 3326 2517 3422 2564; x_wconf 73' lang='lat' dir='ltr'><strong>cui</strong></span> 
     </span>
     <span class='ocr_line' id='line_1_22' title="bbox 2035 2619 2164 2663; baseline 0 0"><span class='ocrx_word' id='word_1_109' title='bbox 2035 2619 2068 2663; x_wconf 86' lang='lat' dir='ltr'><strong>c</strong></span> <span class='ocrx_word' id='word_1_110' title='bbox 2147 2621 2164 2663; x_wconf 89' lang='lat'>:</span> 
     </span>
    </p>
   </div>
   <div class='ocr_carea' id='block_1_5' title="bbox 2195 2701 3422 2759">
    <p class='ocr_par' dir='ltr' id='par_1_6' title="bbox 2195 2701 3422 2759">
     <span class='ocr_line' id='line_1_23' title="bbox 2195 2701 3422 2759; baseline -0.003 0"><span class='ocrx_word' id='word_1_111' title='bbox 2195 2721 2698 2759; x_wconf 63' lang='grc' dir='ltr'><strong>ηυπῐετῖιυ</strong></span> <span class='ocrx_word' id='word_1_112' title='bbox 2780 2727 3137 2757; x_wconf 66' lang='lat' dir='ltr'><strong>rna-run!</strong></span> <span class='ocrx_word' id='word_1_113' title='bbox 3172 2727 3273 2755; x_wconf 62' lang='lat' dir='ltr'><strong>-vv</strong></span> <span class='ocrx_word' id='word_1_114' title='bbox 3308 2701 3422 2755; x_wconf 60' lang='lat' dir='ltr'><strong>‘hm</strong></span> 
     </span>
    </p>
   </div>
  </div>
 </body>
</html>
