4442 5900
511 829 562 884 Ὁ.
691 817 829 868 cnrtr.
846 817 879 864 v.
902 811 1013 862 seor.
1035 803 1167 858 retra·
1192 801 1250 854 ne
1271 793 1457 850 πψτη

510 901 1503 955 -----—----·····-··

559 1010 668 1060 errem
700 982 930 1057 obedientiam
967 999 1046 1067 erg:
1076 963 1283 1068 pontificem
1312 989 1485 1039 romanum

531 1013 687 1162 decreto:
714 1091 758 1179 4)
783 1081 963 1154 obedientia
984 1072 1120 1146 credula
1137 1093 1224 1140 vana
1254 1069 1393 1166 religio,
1424 1063 1503 1140 Amfl

535 1207 699 1264 Mocclx.
715 1199 751 1271 8.
776 1183 909 1257 duobus
929 1179 1045 1251 tomis.
1124 1167 1317 1244 lonsenistre
1344 1167 1406 1270 ipli
1436 1171 1478 1240 it:

536 1287 724 1370 differunt,
745 1311 784 1358 vt
804 1287 861 1358 alii
881 1282 1037 1354 mitiores
1058 1271 1144 1353 lint:
1165 1271 1226 1344 elii
1247 1297 1365 1345 autem
1386 1269 1502 1372 rigidio

542 1413 612 1485 que
645 1388 808 1485 adpellari
835 1383 964 1458 soleant
992 1375 1171 1452 moderati.
1241 1371 1503 1472 Diset‘eprntieb

543 1489 674 1566 {ionem
692 1489 785 1560 dedit
810 1487 956 1558 minoris
976 1477 1253 1564 concertationis,
1272 1479 1366 1549 inter
1385 1499 1444 1546 eoa
1461 1469 1503 1568 ipl

549 1615 733 1663 enarrer.
781 1604 1099 1664 urnrrnotctvt,
1127 1581 1197 1674 'qui
1228 1601 1269 1650 ex
1307 1575 1433 1650 ordine
1468 1573 1503 1670 rip

546 1685 636 1779 fuit,
661 1688 786 1760 edidit:
811 1683 973 1778 discordie
992 1682 1175 1777 iansenianae
1193 1699 1441 1762 matrerm,
1471 1671 1503 1746 li:

544 1799 762 1872 ne,MDcc.'
780 1785 941 1888 opposuit
969 1805 1084 1855 :utem
1119 1804 1176 1852 to.
1205 1798 1503 1852 enarrarre:-

548 1889 595 1962 ιλ
615 1884 776 1984 discordia
795 1885 978 1986 iansenianae
997 1902 1218 1956 enarraturam
1249 1907 1287 1951 nc
1314 1877 1472 1952 defendit
1488 1881 1503 1948 i

554 1992 705 2062 mitioris
723 1994 855 2085 partic,
883 1991 1019 2084 hocque
1041 2007 1148 2082 quum
1184 1981 1298 2054 lucem
1333 1975 1503 2078 adsperille

555 2117 643 2164 ιιι
658 2115 679 2162 o
695 2117 720 2160 u
737 2119 789 2164 tv
802 2117 825 2168 s.
852 2087 1029 2189 respondit
1054 2089 1105 2156 in¹
1125 2084 1285 2180 fraterna
1316 2083 1503 2155 amaritia:

556 2187 733 2290 opsian*
1180 2221 1185 2230 ·

1002 2305 1036 2405 §-
1099 2303 1168 2380 tv,

624 2430 673 2504 ΙΝ
711 2423 990 2504 iansenistatum
1024 2447 1181 2502 numero
1201 2423 1357 2502 fuenmt
1386 2424 1483 2516 viti,

510 2527 632 2606 diocti
652 2517 865 2605 eruditione
889 2553 931 2604 ac
950 2528 1085 2604 virtute
1108 2525 1246 2622 ornati,
1285 2527 1355 2627 qui
1382 2553 1499 2630 quum

510 2654 692 2728 romana,
725 2626 895 2728 inprimis
921 2627 1133 2706 iesuitatum
1158 2625 1469 2728 deprauationem
1490 2627 1503 2704 i

513 2755 565 2807 na
593 2752 718 2832 aeque,
764 2753 806 2804 ac
837 2729 1003 2806 motibus
1042 2727 1294 2830 institutisque
1322 2729 1503 2832 perspexil

517 2830 631 2907 variis
654 2829 819 2907 veritatis
843 2829 1026 2930 capitibus
1047 2829 1161 2908 testati
1182 2829 1277 2907 sunt.
1358 2831 1503 2934 Augull

517 2931 654 3035 qunti,
679 2931 948 3017 monstrarunt,
985 2954 1124 3033 quanta
1144 2955 1189 3009 ex
1210 2929 1312 3033 lapsu
1335 2933 1503 3033 primotu·

519 3053 600 3110 tum
633 3052 711 3109 orta
747 3031 789 3106 fit
820 3031 1017 3109 hominum
1053 3032 1257 3134 corruptio:
1293 3058 1409 3133 quam
1430 3060 1503 3112 nen

521 3134 640 3236 gratia
666 3133 818 3218 diuina,
848 3132 899 3208 ita
929 3157 969 3212 vt
995 3132 1070 3211 stne
1103 3135 1168 3210 ista
1192 3160 1262 3210 nos
1293 3134 1398 3211 haud
1428 3140 1503 3213 vole

522 3233 760 3313 efficiendum
782 3234 897 3334 quid,
923 3235 1025 3335 quod
1047 3234 1119 3313 deo
1139 3238 1293 3335 placeat.
1347 3238 1422 3333 lis,
1461 3262 1503 3339 qu

522 3335 656 3410 ordine
677 3336 776 3410 sacro
800 3333 902 3417 sunt.
942 3336 1001 3411 ius
1037 3334 1316 3424 concesserunt,
1348 3337 1501 3439 scripmt

521 3436 565 3512 in
582 3436 715 3535 lingua
731 3440 929 3512 vernacula
947 3441 982 3514 le
1012 3438 1120 3515 endi:
1148 3438 1364 3537 pontificem
1385 3466 1503 3514 roman

523 3540 600 3610 luta
623 3537 796 3633 potestate
815 3558 870 3624 et,
902 3538 955 3613 vti
997 3538 1126 3625 icitur,
1151 3537 1416 3617 infallibilitate
1434 3566 1500 3639 ptae

519 3636 576 3721 se,
614 3658 821 3737 negarunt:
839 3638 1047 3735 peruersam
1066 3658 1238 3740 praetetea
1258 3638 1503 3717 iesuitarunrc

520 3739 725 3813 moralem:
771 3736 1058 3835 superstitiosum
1091 3740 1220 3817 Matiae
1255 3761 1370 3843 atque
1418 3744 1503 3818 alio:

522 3858 666 3919 ctorum
681 3838 823 3912 cultum
849 3840 1151 3938 perstrinxerunt.
1207 3844 1261 3917 lta
1277 3840 1498 3931 sentiendo,

522 3936 775 4039 agendoque,
804 3964 983 4041 magnum
1007 3968 1117 4043 atque
1142 3941 1317 4018 acerbum
1344 3944 1478 4019 odium
1498 3976 1503 4017 t

521 4063 659 4125 manae,
690 4036 882 4137 pracsertim
912 4040 1143 4131 iesuitarum,
1179 4044 1220 4118 in
1247 4042 1283 4118 se
1309 4043 1503 4123 concitatu

524 4136 573 4213 ad
588 4137 676 4213 istos
696 4137 950 4243 profligandos
967 4149 1082 4223 multa
1096 4144 1227 4246 scripta
1241 4146 1503 4249 composuerut

521 4393 725 4412 m

564 4475 581 4510 ⁶
602 4479 732 4561 syllabus
752 4476 969 4545 ianscnistntum
999 4504 1031 4548 ac
1056 4502 1120 4565 qua
1141 4482 1184 4544 illi
1214 4482 1391 4561 ediderunt,
1419 4484 1502 4565 script

635 4582 704 4624 cum
728 4565 761 4626 in
793 4586 1021 4630 canarnoutt
1053 4568 1163 4645 histoire
1183 4570 1307 4649 gencrale
1333 4574 1372 4631 du
1391 4570 1503 4649 innstnifi

638 4646 815 4729 bibliotheque
839 4652 990 4729 ionsem'ste,
1029 4673 1118 4734 quem
1141 4668 1300 4733 utrumque
1327 4654 1440 4717 librum
1463 4676 1503 4715 :nl

634 4730 719 4791 ldctn
736 4732 873 4795 habetur:
899 4736 930 4796 in
952 4736 1003 4797 den
1018 4736 1206 4817 vnschudligen
1229 4736 1424 4813 ttachrichrcn,
1449 4758 1502 4811 tro

635 4812 668 4872 in
687 4820 736 4875 der
750 4819 896 4899 eittlet'tung
916 4825 945 4879 in
970 4824 1012 4882 die
1035 4820 1361 4907 red'gionsssreittglttiren
1387 4822 1503 4907 auffert

636 4910 890 4979 part.tt.p.870.
911 4902 971 4987 sqq.
1023 4954 1026 4961 .
