4442 5900
624 795 922 849 :ortrttorrrn
958 798 1040 848 cru
1076 796 1349 849 arroarttrtt.
1523 794 1592 880 383

632 1007 637 1015 .
668 946 771 1015 Sunt
785 938 972 1041 opera-isla
988 936 1112 1013 diuersa
1126 946 1331 1033 argumenti,
1348 947 1401 1017 vel
1422 944 1591 1041 dogmati-

624 1044 798 1125 ›semicie
822 1042 877 1116 vel
889 1044 1063 1137 exegetici‚
1110 1050 1232 1116 Aetate
1251 1040 1311 1116 hac
1331 1048 1454 1117 vtilttas
1467 1104 1475 1135 ,
1490 1072 1590 1145 quun

664 1168 749 1215 uon
774 1168 897 1237 magna
918 1141 986 1231 cst,
1031 1144 1112 1240 quia
1132 1140 1207 1241 post
1227 1146 1439 1240 Zwinglium
1461 1148 1590 1224 exstire-

624 1246 640 1317 i
664 1238 1041 1317 ecclesiae-reformato
1065 1244 1221 1337 dogmata
1243 1248 1372 1319 maiore
1396 1250 1589 1325 eruditione

630 1372 674 1419 rc
699 1342 947 1421 defenderent.
992 1344 1150 1417 inlibris
1170 1346 1345 1443 polemicis
1365 1372 1480 1421 eontra
1498 1377 1588 1449 pon-

624 1446 849 1545 traabaptistnt
877 1474 915 1517 ac
943 1447 1140 1517 lutheranus
1175 1442 1377 1543 disputetur.
1431 1451 1586 1545 Quidam

624 1572 751 1621 eetant
768 1548 809 1619 ad
823 1543 1084 1623 controuersiam
1100 1542 1244 1619 destera
1258 1574 1360 1635 crena,
1372 1574 1457 1646 quos
1471 1553 1586 1650 possea

624 1678 644 1727 ι
668 1696 687 1709 -.
700 1654 925 1747 Quamquam
947 1644 1068 1745 scripta
1085 1646 1156 1719 hec
1176 1673 1269 1721 nunc
1283 1675 1353 1722 non
1373 1658 1488 1747 magni
1509 1652 1587 1726 rsus

624 1752 812 1829 mntiaui3
836 1772 947 1821 tamen
964 1772 1094 1821 tantum
1115 1747 1215 1840 abest,
1243 1773 1280 1821 vt
1295 1752 1351 1825 issa
1366 1776 1586 1825 contemnen-

624 1855 760 1925 tenitus
778 1848 1074 1944 negligcndnfintt
1095 1850 1182 1923 vtud
1200 1848 1378 1925 'historiam
1401 1858 1585 1951 pariterac

624 1956 723 2029 ttiitm
739 1954 970 2023 certaminum
984 1974 1062 2023 cum
1090 1946 1298 2049 reformatio
1310 1956 1504 2027 adiumenta
1525 1957 1582 2029 ad·

624 2078 694 2155 pre
712 2048 788 2151 ipse
809 2052 989 2148 Dttingsiue
1003 2054 1093 2127 inter
1109 2048 1316 2129 reformator
1333 2054 1488 2131 doctores
1507 2060 1583 2157 pri·

624 2180 695 2231 nam
720 2158 886 2229 tenente*

630 2324 660 2375 'c
674 2324 700 2377 n
716 2328 740 2375 r
756 2326 780 2373 v
795 2327 809 2374 r
825 2313 937 2395 aare,
965 2303 1061 2375 cuiue
1092 2316 1253 2375 ornatur
1283 2298 1449 2399 theologici
1457 2354 1460 2361 ·
1479 2301 1583 2375 titulo

624 2423 765 2577 :opero
803 2407 878 2474 eiut
909 2408 1117 2477 coniunctim
1142 2404 1366 2505 prodierunt,
1396 2402 1584 2503 Amsleldd·

624 2524 655 2580 21.
689 2504 741 2577 os.
789 2508 839 2575 Er
852 2500 922 2576 istis
949 2502 1223 2595 commemorasse
1253 2501 1409 2577 sufficiat:
1433 2504 1585 2575 de'ldno

624 2600 844 2703 c'onsefflonem
861 2594 962 2697 fidei,
979 2606 1120 2679 nom'ine
1145 2600 1355 2679 ecclesiarum
1382 2606 1583 2699 gallicartim

624 2730 631 2779 t
659 2708 709 2778 de
724 2724 842 2776 aterno
858 2704 913 2777 dci
925 2704 1215 2806 predestinatione
1231 2702 1355 2777 breuem
1369 2700 1584 2805 responfinn'em

624 2807 681 2881 sits
703 2802 864 2877 nebulonis
882 2807 1046 2902 cuittrdam
1068 2806 1261 2901 calumnior,'
1275 2803 1390 2907 quibus
1402 2805 1584 2877 doctrinam

642 2907 704 2980 dei
725 2906 992 3010 predestinatione
1001 2906 1139 3000 sordere,
1155 2924 1281 2978 conatus
1303 2904 1364 3002 ess5
1386 2908 1485 2978 item:
1512 2916 1583 2976 cdo·

625 3029 782 3082 mutuam
801 3018 836 3079 in
858 3033 894 3080 rr
914 3006 1171 3106 fitcromentario
1195 3007 1408 3098 mintllrorttm
1433 3013 1584 3104 tigurino

624 3111 677 3210 fir
688 3109 835 3206 ecclefio:
861 3109 993 3184 libellos
1007 3134 1125 3183 eontra
1141 3109 1336 3210 Wtstpbolton
1355 3103 1389 3180 e't
1402 3101 1585 3202 Heslussttm

632 3239 736 3289 ceno.
788 3209 931 3309 Reliqua
954 3215 1027 3284 eius
1046 3208 1168 3310 scripta
1193 3211 1361 3312 polemico
1389 3207 1585 3306 pontificiis,

624 3313 691 3397 sis,
713 3311 913 3396 socinianit,
937 3319 1079 3386 Structo
1098 3338 1200 3411 atque
1218 3311 1292 3383 aliis
1317 3305 1580 3408 oppositasustt.

624 3415 774 3512 legenda
797 3413 844 3484 est
870 3415 942 3486 eius
970 3413 1126 3506 institutio
1151 3413 1317 3508 religionis
1341 3409 1515 3506 chrisst'alr'ae
1530 3407 1581 3498 ,sl

624 3512 757 3612 :velit,
779 3512 924 3612 quidde
946 3513 1084 3607 singulis
1116 3510 1194 3584 fidei
1223 3511 1405 3611 capitibus,
1437 3515 1581 3584 maxime

624 3611 709 3700 rste,
747 3611 917 3690 statuerit.·
981 3619 1092 3712 Supra
1118 3611 1253 3712 copiose
1278 3614 1320 3686 de
1345 3611 1405 3686 isla
1431 3610 1579 3685 disserui.

624 3722 675 3790 nit
690 3741 763 3786 non
782 3713 891 3786 solum
911 3741 946 3786 ac
961 3711 1112 3786 defendit
1134 3717 1289 3809 Zuingsii
1315 3713 1523 3786 errorcm'de
1537 3711 1582 3782 sa-

625 3843 638 3897 ς
663 3819 902 3888 verumetiam
934 3817 1053 3908 dogma
1077 3817 1119 3886 de
1142 3814 1295 3888 absoluto
1321 3817 1496 3885 electionis
1523 3813 1580 3882 dc-

625 3923 705 3990 urit
727 3943 827 4012 atquc
842 3921 1039 3988 auctoritate
1054 3913 1112 3986 sua
1134 3917 1220 4010 apud
1241 3911 1445 3987 reformatos
1459 3911 1582 3984 confit·

626 4025 743 4092 lmmo
773 4018 936 4089 Caluinus
962 4022 991 4088 is
1015 4012 1102 4100 fuit,
1128 4020 1187 4112 qui
1211 4015 1387 4087 discidium
1409 4017 1579 4085 internos

624 4145 717 4194 natos
735 4141 925 4212 augeretoc
941 4119 1065 4190 vulnus
1082 4117 1239 4190 redderet
1258 4111 1448 4187 insanabile.
1488 4119 1582 4208 Ope·

624 4283 628 4310 ,
665 4245 817 4318 quorum
846 4219 1010 4318 pleraque
1037 4215 1115 4291 sunt
1142 4219 1332 4310 exegetica,
1370 4216 1582 4285 coniunctim

659 4325 795 4395 Geneu.
821 4338 1092 4396 MDLxxvltt.
1117 4315 1350 4392 voluminibus
1370 4333 1434 4386 ΧΠ.
1455 4312 1582 4384 ibidem

1403 4429 1582 4485 MDCXVH.

624 4565 1581 4600 *u—-n—Q—u-fi--ffl

634 4687 763 4732 ructat
777 4668 936 4748 diligenter
950 4666 1078 4730 recenset
1096 4683 1156 4722 sint
1168 4678 1277 4719 trava
1294 4659 1325 4716 itt
1336 4656 1448 4730 epitome
1462 4646 1584 4745 lilliorh.

624 4777 676 4834 ‚p.
688 4765 735 4818 st.
760 4739 905 4830 precipua
920 4755 1008 4813 etiont
1031 4764 1195 4810 overatur
1213 4763 1252 4802 tte
1270 4753 1392 4806 ettatrat,
1412 4749 1441 4792 vt
1456 4733 1583 4792 sttnultl·

625 4837 774 4900 sutnntam
794 4836 915 4898 indicet,
932 4840 967 4894 in
992 4833 1171 4910 bibliorheque
1187 4827 1234 4885 des
1247 4837 1362 4885 auteurs
1370 4817 1487 4903 sepone
1506 4819 1538 4880 dr
1559 4816 1586 4880 le

624 4939 677 4975 roa
687 4919 724 4972 da
734 4913 844 4990 sqost
857 4920 983 4974 tomam
995 4932 1064 4977 tom.
1081 4931 1106 4974 1.
1115 4927 1200 4985 pan.
1212 4927 1235 4972 ι.
1255 4929 1286 4990 p.
1303 4913 1373 4976 lefl-
