4442 5900
624 842 855 897 renovant.
883 834 1169 894 aauttttctoe.
1205 830 1383 891 ooutat.
1483 814 1554 915 ’,ῃ

627 1009 674 1075 ἠ
690 1002 833 1099 plantis,
859 1005 958 1107 lapsi,
974 1030 1062 1109 pm
1079 1007 1163 1102 statu
1184 1028 1216 1079 et
1239 1004 1364 1079 viribus
1381 1008 1507 1076 nodat&
1522 1022 1556 1079 et

627 1130 634 1152 ¹
654 1112 770 1181 tertii:
789 1118 932 1207 genuina
943 1106 1105 1205 [mentio
1119 1106 1346 1211 profundt'ffimi
1364 1106 1503 1179 doctoris
1515 1107 1556 1179 de

628 1216 688 1279 tia
705 1208 906 1281 medicinalis
924 1211 1033 1310 christi
1045 1210 1218 1311 fialuatoris
1244 1212 1338 1281 etde
1357 1208 1557 1309 pratitstina·

628 1329 696 1381 mot
713 1330 746 1381 et
766 1313 946 1407 angeiorton
954 1319 1145 1415 proponitur
1163 1338 1200 1385 oc
1217 1312 1355 1385 dilucide
1372 1310 1555 1403 ostenditur.
1645 1400 1647 1409 Ι

630 1434 685 1483 mo
719 1412 786 1483 hoc
816 1417 961 1487 Louanii
990 1434 1138 1491 MDcxt.
1178 1408 1447 1511 fol.·poslquam
1479 1412 1556 1485 a'tne
1646 1412 1648 1419 ’

631 1535 659 1585 ta
677 1509 846 1585 lanseniua
870 1532 1109 1591 MDcxxxvlss.
1129 1514 1218 1587 diem
1242 1512 1437 1612 supremum
1460 1512 1554 1586 obie-

632 1624 716 1686 'rum
739 1612 837 1687 Paris.
859 1634 1018 1693 mocxtt.
1050 1610 1112 1689 sol.
1132 1642 1209 1689 cuna
1227 1616 1472 1713 adprobatione
1500 1611 1555 1687 sex

643 1710 941 1787 sorbonoicorum.
991 1719 1118 1789 Noluit
1140 1716 1207 1814 ipse
1234 1714 1404 1788 lanseuius
1426 1714 1555 1789 librum

636 1810 819 1893 eifaceret
844 1842 953 1911 quum
974 1842 1086 1891 autem
1105 1822 1318 1919 prouinciam
1343 1818 1434 1887 illius
1452 1817 1555 1890 eden·

636 1911 713 1988 isset
733 1918 919 2011 Reginaldo
943 1923 1087 2009 Lamoeo,
1113 1924 1269 1991 Henrico
1287 1920 1415 1991 Caleno
1434 1944 1470 1989 tc
1498 1920 1557 1989 Li-

638 2017 777 2103 mondo,
799 2018 998 2093 testamento
1018 2026 1088 2093 eius
1112 2016 1292 2119 praefectis,
1319 2018 1355 2091 hi
1387 2020 1556 2091 voluntati

640 2142 776 2193 eaerunt
802 2144 840 2193 ac
863 2145 1046 2205 curarunt,
1072 2145 1108 2193 vt
1140 2123 1226 2194 liber
1246 2118 1414 2219 publicam
1442 2120 1556 2193 lucent

645 2244 651 2256 ·
682 2224 785 2291 Recte
818 2245 908 2319 opus
947 2220 1013 2295 hoc
1029 2222 1075 2296 est
1094 2221 1315 2321 inscriptum:
1353 2216 1556 2317 Augustum.

642 2322 791 2395 enimin
816 2345 858 2393 eo
884 2324 1067 2417 Augustini
1104 2323 1293 2395 doctrinam
1320 2322 1362 2393 de
1384 2326 1557 2415 gratiano

644 2425 730 2495 ‚ioue
771 2447 851 2495 vere
870 2481 881 2517 ‚
900 2424 1077 2500 ,adcurate
1109 2451 1146 2496 ac
1182 2426 1364 2519 diligenter
1406 2422 1556 2499 tradidit.

664 2522 803 2619 quidem
830 2526 902 2597 eius
920 2527 996 2600 aliis
1022 2523 1224 2625 persuadere
1243 2530 1354 2599 conati
1376 2522 1464 2609 sunt,
1482 2523 1555 2596 sen·

646 2622 764 2719 gustioi
793 2650 831 2699 ae
857 2622 1000 2699 lansenii
1030 2633 1118 2700 inter
1141 2626 1173 2699 se
1193 2624 1378 2721 discrepare
1403 2626 1560 2721 hancque.¹

647 2725 818 2797 odierant:
859 2726 903 2795 tes
914 2723 1089 2822 sentiment
1107 2729 1149 2798 de
1162 2726 1250 2825 fiaint
1275 2724 1425 2825 Angustia
1443 2718 1502 2821 fior
1526 2728 1558 2797 la

647 2822 672 2898 it
688 2852 709 2899 a
726 2852 806 2899 ceux
817 2825 859 2894 de
878 2826 1052 2925 laesimus,
1072 2832 1231 2924 Lugdun.
1252 2846 1374 2901 MDCC.
1396 2824 1559 2922 tansenius

648 2953 696 2998 tat·
721 2924 743 2998 i
743 2922 858 3022 eglise,
887 2949 950 3029 par
979 2930 1157 3002 lui-meme
1186 2926 1287 3025 atses
1317 2926 1497 3024 daftnseusu
1526 2944 1559 2998 et

649 3028 792 3124 ingestio,
823 3047 998 3108 MDccv.
1020 3037 1116 3105 cuius
1138 3033 1245 3104 libelli
1267 3029 1364 3102 abbas
1396 3057 1447 3101 ov
1477 3055 1563 3100 atta·

668 3135 815 3202 dicitur:
842 3153 1044 3205 oautttts
1065 3133 1167 3205 traitc'
1184 3133 1380 3232 theologique
1406 3130 1560 3202 touchant

651 3233 670 3300 'e
697 3234 727 3302 Io
748 3256 858 3327 grace,
885 3237 1134 3310 ParisMDCcv.
1159 3253 1318 3308 Moccvt.
1351 3255 1401 3304 to.
1425 3231 1564 3314 duobus,

652 3359 682 3404 te
706 3333 762 3404 alii
793 3333 894 3426 iibri,
925 3335 1039 3431 polleo
1066 3333 1375 3414 commemorandis
1413 3329 1467 3404 sed
1497 3336 1559 3430 qui

652 3433 825 3528 buguslini
843 3459 879 3504 ao
901 3434 1039 3507 laosenii
1061 3435 1250 3509 monstrore
1274 3435 1484 3520 voluerum,
1505 3435 1559 3506 illi

656 3561 752 3607 orem
785 3531 1013 3633 susceperunt,
1035 3545 1211 3632 quoniam,
1245 3533 1268 3608 fi
1290 3543 1466 3632 turiusque
1481 3533 1559 3606 stri·

654 3663 663 3708 ε
694 3631 934 3732 conseramus,
969 3636 1141 3711 consensio
1168 3639 1309 3712 illorum
1334 3635 1409 3709 satis
1437 3639 1558 3710 elucet.

658 3763 725 3834 que
750 3735 919 3808 lansenius
948 3741 1132 3834 Augustini
1150 3763 1300 3812 mentem
1329 3737 1370 3810 de
1393 3743 1498 3834 gratia
1522 3747 1559 3808 oc

655 3843 733 3910 ioue
747 3842 1021 3936 recteexplitare,
1034 3865 1140 3936 quum
1156 3869 1233 3912 eum
1247 3841 1355 3912 decies
1370 3841 1559 3936 etamplius

656 3939 1559 4040 etaAugustinicumatteotioneacriatqueadnototio·

663 4067 674 4125 ;
707 4041 811 4112 libros
830 4067 912 4112 vero
930 4047 1253 4140 contrapelogianos
1269 4039 1366 4114 focile
1378 4039 1559 4134 trigestcsa

659 4143 743 4215 leem
758 4140 928 4225 euoluilse,
944 4145 1056 4216 verbis
1076 4147 1129 4217 his
1148 4133 1217 4218 noir
1240 4143 1309 4216 stne
1326 4143 1391 4216 fide
1413 4146 1558 4213 relatum

689 4247 749 4314 Vti
770 4245 1071 4337 veroAugullinus
1085 4250 1120 4317 in
1142 4244 1426 4346 disputationibus
1442 4266 1560 4314 contra

682 4338 824 4416 feruore
849 4349 1024 4430 incitatus,
1051 4347 1093 4418 de
1113 4375 1201 4420 recta
1225 4353 1276 4419 via
1300 4348 1340 4419 ad
1365 4347 1559 4416 extremita-

676 4444 813 4538 diuinae,
831 4451 885 4516 cui
911 4473 1013 4518 nemo
1031 4448 1181 4522 resistere
1204 4451 1324 4547 potest,
1350 4471 1451 4542 atque
1468 4441 1560 4515 obso-

659 4545 843 4618 slioarioois
871 4546 1033 4640 deflexit3
1081 4555 1125 4622 ita
1179 4548 1330 4622 lausenio
1367 4547 1561 4617 idemcon·

659 4673 667 4717 ι
699 4673 813 4720 errant
835 4651 952 4741 igitur,
975 4655 1036 4745 qui
1057 4651 1248 4730 adfirmant,
1275 4650 1377 4722 illum
1404 4673 1480 4718 cum
1509 4671 1562 4719 re·

651 4984 692 5037 'te
708 4979 831 5053 lenſsm'ij
845 4985 980 5047 eiusdem
993 4991 1151 5074 :digestim
1168 4975 1338 5078 premissas
