4442 5900
623 816 833 869 'tnovtnn
859 769 1145 861 ntroanaro'a.
1185 804 1356 854 uouttr.
1459 806 1556 882 1039

803 906 1521 931 .........-.---..-....

623 916 798 935 ῌ

623 960 676 1035 liei
693 961 867 1044 dominica,
887 956 1026 1053 sequuta
1049 955 1095 1027 eil
1112 977 1372 1027 memoratarum
1387 960 1555 1056 confidere·

623 1090 662 1137 rs
678 1060 837 1140 secunda,
864 1087 900 1129 ac
924 1081 1241 1129 noottnrrettrvr
1267 1058 1408 1154 publicat
1424 1062 1556 1147 lucica·

623 1169 708 1259 genii
739 1164 1018 1239 monimentum,
1054 1160 1150 1227 cuins
1179 1154 1355 1255 inscriptio
1384 1160 1448 1233 cst:
1485 1164 1557 1237 eliet

650 1265 721 1336 dier
739 1272 869 1365 quietis.
927 1261 978 1331 Ad
1006 1258 1220 1328 concordiam
1253 1262 1340 1331 inter
1359 1264 1555 1339 Heidnnum

623 1366 803 1438 tbeelttum
839 1360 1061 1435 reducendam
1103 1356 1250 1429 studium
1286 1357 1381 1431 suunt
1414 1366 1558 1440 contulit

623 1494 655 1539 ἰ
680 1468 835 1561 hancque
851 1468 887 1534 in
905 1486 978 1535 rcm
1000 1454 1144 1554 scripsit:
1172 1477 1278 1558 ypram
1290 1464 1459 1533 eoncordia
1474 1470 1556 1537 emi-

623 1576 696 1640 irca
745 1568 891 1638 honorem
947 1562 1143 1656 dotatione,
1194 1562 1351 1655 Lugdun.
1401 1570 1556 1643 natator.

625 1692 676 1749 22·

643 1826 861 1936 philosophiam
890 1826 1119 1921 earttfianam,
1154 1824 1196 1896 de
1213 1850 1278 1923 qna
1298 1852 1404 1925 quum
1427 1834 1460 1903 in
1480 1834 1557 1907 Bel·

629 1960 642 2006 t
667 1928 808 2013 siccent,
843 1926 993 2005 Cocceio
1014 1924 1260 2023 atqueadseclis
1288 1934 1360 2002 eius
1384 1930 1556 2009 obiectum

631 2060 660 2107 rt
685 2034 780 2107 illius
810 2028 957 2101 ssudium
980 2032 1015 2099 in
1042 2030 1236 2123 theologia,
1266 2030 1490 2125 coenando,
1521 2060 1557 2110 vt

631 2133 714 2209 istos
741 2134 859 2207 odium
891 2136 1101 2203 excitaretur.
1173 2126 1353 2202 Adcusatio
1387 2132 1455 2205 haec
1488 2160 1557 2207 non

636 2234 731 2331 usta,
755 2259 862 2331 quum
881 2235 1041 2305 Cocceius
1062 2253 1181 2327 parum
1201 2234 1362 2323 cogitaret
1380 2232 1421 2304 de
1441 2240 1557 2309 Corte·

635 2338 731 2438 phio,
753 2338 788 2407 in
807 2334 986 2405 sanctiores
1003 2328 1191 2429 disciplinas
1205 2328 1557 2433 transferendamque

637 2436 860 2542 pdscctatores
882 2438 976 2533 pauci
993 2430 1116 2515 client,
1140 2434 1200 2527 qui
1221 2432 1270 2503 illi
1289 2460 1426 2531 operam
1442 2436 1556 2511 conse.

659 2543 751 2611 lntcr
780 2536 957 2629 theologos
978 2533 1125 2628 belgicos
1152 2558 1169 2601 a
1192 2532 1323 2628 philoso
1352 2536 1405 2605 hia
1423 2538 1482 2611 hac
1503 2538 1558 2610 ab·

643 2666 660 2713 c
682 2662 784 2737 atquc
806 2638 939 2707 adeam
961 2634 1202 2733 exstirpandam
1225 2560 1441 2707 accellirunt:
1474 2666 1559 2711 ora-

641 2764 833 2823 tornec,
856 2740 915 2833 qui
939 2736 1042 2806 edidit
1063 2732 1323 2808 dissertationem
1347 2736 1387 2807 de
1401 2736 1558 2835 atheismo,

643 2864 665 2917 r.
689 2864 790 2936 atquc
813 2842 848 2907 in
871 2864 907 2907 ea
927 2833 1086 2923 Cortesti3
1116 2833 1335 2938 praetermisso
1357 2861 1463 2910 tamen
1484 2844 1557 2911 eius

644 2945 815 3040 trucipuas
834 2938 1095 3033 meditationes,
1121 2963 1203 3032 quar
1232 2938 1274 3012 dc
1303 2938 1368 3018 deo
1403 2940 1560 3024 tradidit.

656 3043 819 3141 suspectas
849 3039 991 3112 reddere
1012 3041 1145 3114 voluit:
1188 3062 1354 3110 racorva
1390 3065 1558 3132 tereres,

651 3171 709 3216 nt:
742 3141 881 3214 methodi
906 3139 1078 3236 eartessana
1101 3139 1269 3238 theologica
1287 3139 1505 3236 confideretio,
1522 3167 1560 3216 oc

649 3243 972 3348 [ophiaeearteſsanat
1000 3267 1158 3312 rareto
1192 3267 1272 3312 van
1304 3267 1558 3318 narrarent

650 3371 677 3418 ta
707 3353 885 3416 nouitatem
912 3343 1155 3436 carttssanarum
1172 3367 1185 3410 .·
1222 3365 1384 3414 cantat.
1424 3369 1561 3416 narr-

653 3465 784 3520 raetatu
802 3447 843 3516 de
876 3442 969 3539 ahena
989 3439 1179 3540 philostephie
1210 3437 1385 3534 eartefiame
1413 3448 1447 3514 in
1467 3441 1559 3518 relus

653 3544 770 3642 efidei,
787 3569 821 3618 et
833 3549 869 3616 in
885 3545 1025 3615 indiculo
1045 3543 1333 3640 controueeſsartem.
1387 3543 1560 3644 Opposuit

654 3674 854 3722 ·orttonva
890 3669 1187 3731 wtrrrcnrvsj
1233 3643 1417 3739 theologiam
1447 3645 1560 3746 pacifi-

655 3755 780 3822 avara'a
807 3745 1003 3848 problemata
1028 3743 1227 3840 theologica,
1258 3751 1345 3816 inter
1372 3747 1559 3840 reformator

656 3873 704 3938 ta,
731 3851 954 3922 oentt'lanmr:
978 3845 1073 3941 fimal
1094 3842 1164 3943 ofin
1182 3841 1368 3948 phihlo'phie
1387 3847 1560 3942 eartefima

657 3947 830 4051 hilosophia
842 3945 992 4048 partibus
1010 3945 1241 4038 demonstratur
1256 3967 1288 4018 et
1307 3947 1351 4018 ad
1369 3945 1559 4046 dissertatio.

658 4055 728 4122 imi
742 4059 828 4142 oiri,
852 4049 1005 4120 Samuelis
1024 4049 1174 4138 Marcii,
1203 4047 1242 4120 ele
1261 4045 1353 4146 alaſse
1369 4045 1561 4150 phihfitphia

658 4149 798 4228 erebus
826 4151 1007 4244 theologicis
1030 4167 1062 4222 et
1078 4145 1159 4242 fidei
1185 4149 1312 4246 medule
1340 4147 1560 4249 respondetur,

661 4269 965 4330 touor.MDchx1.
980 4273 1016 4343 4.
1030 4277 1184 4350 acquum
1203 4277 1399 4324 narrares
1423 4249 1559 4351 respon-

659 4347 877 4430 hatuioatlos
904 4349 949 4422 ael
970 4349 1099 4446 filleina
1122 4353 1294 4448 theologia,
1326 4353 1431 4424 edidit
1456 4381 1561 4428 ινιτ.

691 4450 875 4554 theologiam
902 4449 1064 4553 pacificam
1097 4453 1283 4552 desenjim‚
1319 4449 1559 4534 Amstelodam.

660 4573 734 4652 ¹⁴4·
756 4559 831 4628 Me'
935 4557 1038 4628 ‘iam
1071 4581 1225 4627 auctores
1265 4553 1402 4628 Curtefii
1447 4559 1559 4655 philo.

660 4655 771 4732 tellntt
975 4681 1005 4738 t,
1048 4679 1083 4726 vt
1116 4655 1324 4733 fimularma
1356 4655 1412 4733 sua
1441 4659 1560 4758 aduor-

660 4782 755 4861 ιρι,
1004 4753 1101 4832 illiue
1134 4753 1331 4848 sectatores,
1365 4755 1497 4834 ferrent
1522 4789 1560 4834 ac

669 4862 729 4895 'W
1441 4887 1556 4962 quom·
