4442 5900
592 798 665 886 69ss
807 803 937 860 enula.
961 803 992 856 V.
1021 799 1130 852 sicr.
1154 797 1254 850 xvn.
1288 797 1347 864 DE·
1360 791 1545 848 sellim}

642 985 920 1134 illidit,
941 972 1258 1143 iiiiiiiiltai‘
1269 945 1604 1148 diiiighiffl

641 1159 805 1234 conrard
820 1152 1162 1231 manantuortucita
1182 1148 1382 1248 legimns,
1396 1145 1496 1246 deffere
1517 1151 1565 1226 D.
1585 1150 1604 1220 t

642 1263 798 1336 Misleara
818 1283 860 1330 en
885 1257 958 1328 dem
971 1255 1054 1354 salig
1071 1263 1106 1326 itt
1119 1271 1195 1352 gott
1206 1251 1368 1324 nhmden
1386 1247 1527 1322 Mobul
1541 1247 1604 1322 uei

640 1359 835 1453 vnterstcbm
851 1355 991 1452 durjen,
1023 1355 1131 1429 indam
1156 1379 1194 1430 er
1216 1351 1315 1454 deffere
1341 1345 1519 1448 abgededten
1548 1375 1604 1450 cue

641 1470 725 1532 eines
741 1457 936 1556 vttflucbun
949 1455 1017 1530 aad
1025 1453 1219 1530 verinum
1229 1456 1369 1544 intera,
1380 1460 1435 1524 ein
1449 1449 1604 1548 chifilim

639 1571 693 1633 tris
709 1559 885 1632 veruebret
904 1557 973 1631 ond
993 1557 1048 1630 idat
1067 1565 1127 1630 loia
1143 1561 1195 1628 ein
1212 1555 1285 1628 uiti
1299 1554 1368 1628 und
1380 1551 1445 1626 lul
1466 1575 1511 1624 att
1527 1547 1604 1650 dign

631 1661 784 1761 sordere,
804 1677 925 1738 muel.
936 1673 972 1753 4·
1023 1666 1152 1734 Contra
1167 1655 1330 1760 seriptum
1353 1657 1421 1728 hoe
1446 1655 1589 1728 nomine

638 1766 682 1837 rii
711 1761 898 1858 tripolitani
926 1759 960 1830 in
984 1761 1092 1832 lucent
1123 1760 1233 1832 exiiet
1274 1755 1468 1854 grundlichae

636 1862 869 1956 tvt'tdtrltgung
887 1859 1153 1960 dersurflollttttg,
1166 1853 1466 1960 uoluptatibus,
1478 1855 1602 1954 quibu·

642 1991 668 2036 aa
680 1987 894 2036 avetauet·
911 1965 1042 2036 tertiam
1062 1962 1198 2038 addidit

697 2233 753 2287 ax
776 2205 1139 2298 certaminibus‚.vti
1156 2227 1356 2311 vocantur,
1383 2203 1570 2286 calixtinis
1599 2233 1604 2282 t

586 2308 775 2389 cretistieis
798 2329 902 2384 orta
939 2308 1024 2386 sunt
1061 2307 1313 2388 controuerfiae
1342 2308 1537 2412 'onustam
1592 2323 1595 2328 '

585 2411 688 2488 enim
710 2407 1084 2514 vitembergenstbus,
1109 2409 1268 2488 maxime
1290 2409 1379 2490 Aba.
1412 2407 1598 2510 Calauio,

584 2509 697 2599 stum,
732 2509 919 2612 inprimis,
942 2511 1008 2622 qui
1026 2511 1066 2586 in
1091 2508 1167 2589 istis
1192 2510 1365 2624 princeps
1384 2530 1481 2600 erat,
1502 2513 1604 2592 lull

565 2703 568 2708 y
584 2610 849 2700 moderationis
865 2609 1027 2688 studium
1047 2611 1088 2688 in
1102 2610 1359 2692 controuerfils
1382 2637 1472 2690 eum
1488 2609 1604 2691 hemi

582 2712 677 2790 fibus
703 2739 743 2788 ac
771 2709 1092 2812 regiomontanis;
1133 2731 1171 2794 et
1200 2711 1380 2792 sententia
1411 2711 1460 2790 de
1484 2712 1604 2890 conse?

582 2819 650 2892 tito
668 2813 899 2914 displiceret,
921 2811 977 2888 illi
997 2811 1037 2888 id
1057 2833 1241 2914 egerunt,
1262 2833 1303 2890 vt
1318 2813 1489 2892 ienenses
1513 2811 1557 2892 in
1585 2837 1604 2891 u

583 2939 669 2993 nem
695 2913 880 2993 variorum
898 2937 1060 2991 errorum
1081 2912 1336 3011 adducerent3
1371 2912 1413 2991 hi
1430 2934 1560 2993 autem
1576 2911 1604 2991 tl

582 3016 817 3092 adcusatione
845 3012 1008 3115 grauiter
1031 3014 1067 3091 se
1097 3015 1336 3093 vindicarunt
1365 3040 1406 3093 ac
1436 3015 1604 3095 luculent

580 3118 733 3215 barunt,
756 3140 930 3219 magnam
947 3112 1124 3195 iniurium
1140 3114 1348 3197 libifactam
1371 3114 1456 3199 elle.

693 3288 749 3335 to.
781 3288 1073 3351 aatnunruva,
1097 3288 1139 3335 eo
1160 3286 1317 3360 tempure
1338 3260 1497 3357 magistet·
1517 3262 1604 3361 phile

628 3364 664 3434 in
681 3361 846 3435 academia
864 3361 1142 3459 vitembergenst,
1169 3359 1408 3463 conscripserat
1438 3364 1562 3439 ordine
1584 3364 1604 3437 lt

632 3465 903 3557 theologicorum
920 3462 1025 3534 theses
1039 3464 1079 3534 de
1095 3464 1269 3537 erroribus
1286 3463 1525 3564 theologorum
1543 3470 1604 3537 ient

629 3590 672 3637 eo
686 3563 834 3648 confilio,
847 3588 883 3637 vt
892 3562 935 3637 de
947 3566 1014 3635 illia
1030 3563 1269 3663 disputationes
1286 3564 1497 3665 institueret,
1519 3590 1604 3662 eaaqt

628 3690 675 3735 nu
692 3688 855 3751 exaratas,
885 3666 1094 3739 auditoribus
1122 3665 1325 3739 exhibuerat.
1386 3672 1474 3769 Qtae
1496 3690 1604 3766 quum

625 3762 913 3847 describerentur,
938 3768 1129 3862 exemplum
1145 3792 1260 3842 earum
1277 3768 1363 3838 nacti
1386 3792 1525 3865 quoque
1545 3764 1602 3839 sun

625 3868 696 3961 logi
718 3864 884 3951 ienenses,
907 3865 1008 3936 huius
1028 3869 1145 3939 tituli:
1184 3867 1392 3966 theologorum
1415 3868 1604 3965 ienenfimt

621 3991 663 4036 cx
682 3973 786 4037 voriir
802 3965 979 4035 cortondem
1000 3962 1132 4065 scriptia
1149 3968 1287 4040 dilucide
1317 3968 1482 4061 monstrati
1510 3969 1604 4069 indeq

619 4086 696 4137 uoto
717 4066 841 4161 collegio
866 4070 961 4135 iuxta
983 4067 1163 4140 methodum
1187 4072 1390 4163 itanigiatum
1407 4072 1583 4150 ventilati.

622 4176 692 4239 viro
714 4162 976 4262 precellentifflmo
1009 4188 1105 4267 atque
1132 4167 1354 4265 pracloriffimo
1390 4169 1519 4240 donnino
1547 4174 1598 4241 Μ.

620 4264 815 4341 Reinhardo.
898 4271 935 4338 ln
966 4264 1089 4365 scripto
1118 4270 1184 4342 hoe
1208 4269 1368 4367 perbreui
1396 4270 1550 4367 theologi
1582 4276 1604 4343 it

621 4370 726 4443 trium
745 4392 780 4439 ae
805 4371 986 4463 nonaginta
1007 4394 1165 4443 errorum
1189 4370 1416 4465 arguebantur
1438 4428 1449 4461 ,
1482 4370 1549 4445 fine
1567 4374 1604 4445 vl

623 4468 790 4563 batione,
818 4492 853 4541 ae
875 4472 1031 4569 quamuis
1058 4496 1176 4544 auctor
1210 4473 1250 4543 ad
1280 4472 1452 4545 dictorum
1491 4474 1604 4548 tlteulu

618 4567 765 4669 scripta,
787 4571 893 4645 veluti
909 4568 1028 4662 testea,
1055 4570 1281 4672 prouocallet3
1308 4576 1423 4645 omnio
1442 4598 1566 4667 tamen,
1585 4602 1604 4649 e

620 4670 772 4749 duubutl
797 4671 999 4761 adtribue,
1036 4697 1132 4746 eraut
1151 4695 1281 4745 tantum
1306 4676 1544 4776 recitationes,
1568 4674 1604 4751 ad

616 4770 800 4870 publicum,
819 4770 909 4848 haud
932 4775 1105 4849 translatae.
1179 4770 1330 4851 lenensea
1362 4780 1472 4880 igitur
1500 4773 1604 4857 defen
