4442 5900
624 809 891 893 nnrnncra's.
928 834 1223 891 trrntnanon
1255 814 1431 893 contrari
1515 816 1589 907 643

624 978 746 1052 aonias
767 974 945 1073 quasdam,
981 996 1077 1045 antea
1104 970 1264 1065 abolitae,
1287 996 1388 1072 atque
1409 972 1587 1050 adseuera-

632 1078 685 1153 de
701 1074 862 1157 uniuersa
875 1074 1031 1147 doctrina
1041 1071 1280 1171 sentire,quod
1291 1076 1471 1150 tradiderit
1487 1080 1524 1149 in
1544 1079 1585 1150 li·

624 1176 1035 1275 rccrruntheologicorum
1069 1174 1162 1275 quod
1183 1196 1295 1246 autern
1324 1176 1364 1249 ad
1388 1182 1476 1251 ritus
1499 1176 1584 1251 adti-

624 1278 739 1355 fell'us
758 1277 825 1375 est,
839 1274 873 1350 se
894 1274 1020 1351 suafille
1033 1276 1130 1373 aliis,
1162 1300 1206 1347 ne
1225 1272 1419 1351 desererent
1433 1276 1583 1353 ecclesias

624 1377 868 1457 eruitutern'in
889 1404 928 1451 re
941 1379 1087 1470 leuiore,
1105 1402 1181 1477 quae
1202 1372 1271 1448 line
1290 1380 1465 1477 impietate
1475 1377 1582 1453 sulli-

624 1481 677 1560 et.
757 1503 988 1565 eronnrvs,
1032 1482 1193 1577 princeps
1223 1474 1441 1579 anhaltinus,
1477 1480 1585 1555 edidit

624 1586 849 1659 ariuataruna
865 1579 1163 1665 deliberationum,
1183 1600 1285 1675 utque
1300 1582 1335 1651 in
1353 1605 1390 1654 ea
1405 1581 1583 1672 iudicauit,

624 1675 630 1756 .’
649 1686 794 1757 nonita
814 1704 1004 1779 comparata
1023 1676 1102 1770 elle,
1130 1704 1165 1753 vt
1185 1674 1209 1750 sa
1225 1678 1281 1751 illa
1298 1680 1582 1779 adprobarentur,
1692 1708 1697 1717 ·

624 1784 729 1861 ieret
748 1784 940 1881 doctrina,
970 1805 1071 1880 quant
1101 1783 1138 1852 in
1167 1778 1347 1871 augustana
1373 1780 1583 1858 eonfeffione

624 1910 708 1961 ut:
741 1910 797 1957 ro.
824 1906 1127 1955 avarunnutva
1154 1879 1367 1979 expofitr'ouem
1386 1890 1423 1953 in
1453 1886 1582 1975 dottam,

624 2014 666 2085 g.
688 2004 790 2061 MDL.
805 1992 839 2068 8.
871 1988 947 2079 regi
974 1988 1151 2055 Danorum
1180 1977 1387 2081 consecrauit
1414 2007 1516 2085 atque
1543 1990 1582 2059 in

624 2086 822 2161 dicationis
840 2088 939 2157 omni
959 2080 1213 2156 adseueratione
1236 2080 1453 2169 adfirmauit,
1487 2082 1521 2158 se
1543 2112 1582 2161 ac

624 2190 766 2264 leonem
781 2187 940 2280 grauiore
960 2185 1087 2257 iniuria
1101 2182 1210 2275 adlici,
1240 2209 1346 2281 quum
1367 2182 1586 2285 adprobatio·

624 2289 705 2365 lani
728 2290 859 2357 interim
880 2282 1134 2358 adcusarentur:
1173 2308 1230 2363 so.
1257 2310 1579 2363 rrartrneaavs

624 2392 664 2466 le
684 2376 923 2461 traditionibus
944 2404 977 2457 et
998 2390 1041 2457 de
1064 2387 1267 2475 ceremoniis,
1293 2404 1387 2463 MDL·
1410 2390 1446 2459 in
1465 2387 1582 2465 lucem

624 2490 757 2565 itidem
774 2486 912 2561 eaullant
928 2512 1047 2561 eorum
1067 2490 1159 2585 egit,
1189 2488 1250 2584 qui
1270 2485 1504 2587 adiaphotillae
1528 2490 1583 2565 di·

677 2593 892 2663 Litterarum
916 2590 1064 2663 cultores
1086 2585 1371 2681 vitembergenses
1400 2588 1581 2685 magillro·

624 2714 702 2765 unt
719 2685 950 2763 defenfinnent
978 2684 1198 2785 susceperunt
1223 2710 1342 2761 eontra
1363 2692 1393 2761 F
1394 2690 1517 2763 lucium
1531 2718 1582 2767 at·

624 2794 734 2866 hanc
758 2816 802 2865 ue
829 2794 962 2863 intem
989 2788 1143 2861 acerbius
1171 2786 1333 2883 seriptum
1361 2792 1582 2887 euulgarunt,

624 2894 696 2969 ,lus
709 2817 778 2966 ed:
803 2887 850 2962 ad
863 2898 958 2963 toties
984 2914 1055 2962 cunt
1076 2883 1212 2984 fastidio
1235 2906 1268 2958 et
1290 2886 1401 2987 nausea
1424 2898 1581 2993 repetitae

624 2995 712 3069 ursas
731 3013 763 3065 ct
771 2991 942 3090 solsffmae
966 2997 1208 3063 criminationes
1226 2989 1326 3060 flacit
1358 3015 1435 3064 uero
1460 2991 1582 3094 respon.

624 3116 686 3184 ota
701 3091 885 3185 summatim
908 3118 951 3164 ex
971 3111 1039 3165 toto
1054 3115 1164 3164 rerum
1171 3089 1327 3192 gallorum
1346 3089 1496 3190 historia,
1514 3121 1583 3196 qua

623 3191 628 3203 ’
648 3193 758 3294 cauffae
773 3203 981 3294 totiueatquc
1001 3199 1182 3268 innocentia
1202 3193 1392 3288 ccclesurum
1406 3193 1502 3267 inhia
1513 3217 1584 3270 ter·

624 3317 793 3398 ceptorum
806 3296 1036 3390 demonslratur
1058 3313 1091 3367 st
1112 3292 1285 3388 ostenditur
1304 3301 1456 3384 vanitas,
1466 3289 1589 3392 sutili·'

624 3401 743 3474 aientia
764 3410 803 3468 ac'
820 3399 947 3468 nulltia
963 3399 1063 3466 Floria·
1073 3445 1086 3489 ,
1117 3415 1155 3466 vt
1174 3395 1234 3468 bac
1257 3403 1400 3494 cognita,
1421 3401 1473 3498 pit
1489 3409 1582 3498 cogi·

624 3527 674 3574 em
705 3497 749 3570 de
778 3497 929 3570 remediis
958 3492 1149 3568 adhibendis
1177 3495 1317 3590 sceleste,
1334 3497 1465 3594 serinii
1492 3497 1582 3594 istim

624 3595 792 3677 ¹capistribus
801 3598 870 3694 fine
891 3601 983 3670 modo
997 3617 1030 3668 st
1043 3595 1109 3689 fine
1128 3597 1288 3686 lucerne,
1306 3617 1344 3669 ut
1351 3595 1432 3692 finis
1452 3603 1584 3674 tandem

624 3697 933 3792 -ccnsnutontbus,
954 3697 1080 3800 scripta
1100 3695 1223 3796 epistole
1235 3693 1344 3792 somna
1361 3727 1382 3771 c
1400 3699 1585 3794 fcmlosticis

642 3797 912 3898 viternbergenfis.
970 3807 1019 3872 Ex
1036 3801 1137 3872 titulo
1156 3800 1221 3873 hoc
1240 3801 1393 3892 longiori
1409 3803 1499 3874 haud
1515 3801 1583 3878 dif·

624 3901 854 3998 colligendum
878 3899 944 3984 est,
969 3903 1121 3972 Flaciunt
1151 3903 1187 3972 in
1212 3923 1254 3972 eo
1284 3896 1398 3998 aspere
1433 3909 1582 3978 tractari.

624 4011 710 4099 gitur
730 4003 790 4074 ille
807 4028 876 4072 non
896 3999 966 4074 fine
992 4001 1218 4089 contumelia,
1247 4002 1353 4072 veluti
1371 4002 1581 4103 pontificius,

624 4133 652 4182 π
668 4099 887 4178 eonfeffionis
910 4101 1036 4200 hostis,
1073 4100 1232 4174 Ofinndti
1257 4097 1383 4191 fautor,
1400 4099 1462 4200 qui
1489 4132 1586 4201 rege·

624 4234 675 4283 ern
688 4209 1018 4302 renouationentque
1040 4201 1225 4275 confundat
1239 4228 1317 4274 curn
1333 4201 1583 4284 iustificatione.

624 4303 764 4404 rgenses
790 4303 944 4398 theologi
965 4308 1084 4392 omni,
1108 4329 1179 4402 quo
1206 4299 1281 4375 lieri
1303 4307 1442 4400 potuit,
1472 4305 1584 4382 lludio

624 4437 661 4484 ar
679 4432 785 4504 atque
806 4404 1040 4496 adsederentur,
1072 4430 1129 4478 eos
1150 4408 1185 4476 in
1209 4402 1306 4476 nullo
1319 4405 1584 4479 doctrinaechri-

624 4513 745 4612 tpitea
770 4509 910 4578 veritate
928 4503 1112 4586 disctlsrlle3
1147 4504 1200 4577 sed
1219 4503 1387 4577 cullodire
1403 4506 1498 4576 illam
1519 4507 1587 4581 stu·

626 4619 763 4688 Praeter
777 4607 865 4697 hac,
891 4629 1046 4703 ternpore
1067 4607 1131 4680 isto
1154 4609 1190 4677 in
1208 4607 1318 4678 lucem
1332 4605 1484 4702 prodiit:
1509 4631 1585 4680 aus.

628 4715 697 4788 der
719 4729 848 4808 aneyen
870 4705 966 4778 hohen
980 4704 1109 4802 [thulen
1132 4703 1328 4804 Wittcnbsrg
1343 4704 1412 4775 und
1434 4710 1564 4810 Leipzig
1569 4736 1589 4800 ,·

624 4845 639 4894 a
668 4837 807 4902 autent,
838 4831 875 4886 vt
899 4805 933 4882 se
952 4804 1172 4899 defenderet,
1199 4810 1285 4882 iuris
1319 4803 1450 4906 publici
1484 4807 1587 4884 fecit:

997 4915 1095 4991 Sta
1447 4929 1590 4985 anttrorr
