4442 5900
863 648 942 698 rum
961 619 1000 691 ad
1022 612 1342 708 vitembergenfium
1359 641 1396 686 oc
1410 610 1614 714 lipsiensrum
1640 613 1711 687 rhet

863 749 914 796 tes
929 714 1113 814 acceffiller,
1134 739 1168 786 et
1183 715 1337 788 Plocium
1358 714 1478 790 habuit
1493 713 1552 788 libi
1575 710 1711 788 aduersi

863 846 977 896 autem
996 819 1118 918 scripto
1136 817 1177 890 ‘at
1198 817 1347 912 Georgii
1362 819 1509 889 Maioris
1528 815 1652 912 dogma
1667 815 1711 890 de

865 949 991 997 norum
1007 945 1153 1020 operum
1175 919 1216 990 ad
1233 917 1373 990 {alutem
1395 921 1540 990 maxime
1561 915 1711 1019 spectabo

863 1025 954 1108 fint,
979 1046 1076 1094 anteo
1100 1020 1384 1092 commemoraui.
1434 1019 1592 1120 Quodam
1617 1019 1711 1093 mode

864 1124 980 1197 saltem
1002 1123 1046 1196 ob
1066 1123 1261 1216 argumenti
1278 1116 1552 1195 similitudinem:
1597 1147 1684 1194 tro.

862 1251 936 1298 rum
951 1223 1205 1324 adiaphororum,
1229 1219 1380 1292 Vitemb.
1397 1233 1710 1306 MDLxxxvu.8

864 1326 1033 1415 ostendit,
1061 1327 1149 1397 ritus
1164 1319 1306 1394 ecclesrae
1329 1346 1478 1394 romenae
1494 1347 1565 1394 non
1580 1315 1711 1396 referet

864 1455 918 1504 res
940 1426 1089 1510 medios,
1109 1423 1246 1520 hocque
1265 1425 1466 1520 auctoritare
1488 1423 1654 1507 Lutheri,
1676 1429 1711 1498 Br

862 1526 1073 1630 westphali,
1092 1520 1258 1600 Hethufii
1274 1547 1379 1622 rtque
1393 1524 1540 1598 oliorum
1552 1521 1711 1600 confirmi

923 1837 1001 1894 rote
1023 1810 1223 1892 certamina
1253 1835 1295 1888 ac
1317 1808 1456 1888 dissidia
1485 1809 1711 1918 theologoru¹

866 1941 972 1994 orum
987 1913 1118 2017 scripta
1133 1913 1255 1992 adhuc
1275 1909 1465 2002 recensui,
1483 1941 1639 2018 magnas
1661 1935 1711 1992 tur

808 1945 863 2096 iii
876 2020 997 2095 nostra
1016 2015 1129 2095 factas
1157 2011 1247 2101 esse,
1282 2012 1392 2090 facile
1425 2015 1590 2118 quisque
1612 2015 1711 2094 'intel

806 2125 859 2197 Vt
905 2145 948 2196 ax
969 2145 1011 2196 ac
1025 2115 1271 2221 tranquillitas
1285 2139 1365 2190 non
1375 2114 1493 2194 solum
1507 2115 1711 2196 restituerer

806 2221 942 2297 stabilis
968 2243 1010 2296 ac
1031 2219 1133 2295 firma
1149 2235 1399 2322 permaneret,
1420 2216 1585 2315 formula
1614 2214 1709 2322 quid

808 2319 1007 2423 compolita
1026 2319 1098 2396 fuit
1121 2341 1164 2396 ac
1181 2317 1419 2415 symbolicam
1446 2317 1704 2398 auctoritatem

806 2447 916 2512 vero,
939 2420 1133 2522 postquam
1154 2416 1217 2494 illa
1242 2415 1432 2516 publicam
1456 2423 1582 2498 lucem
1607 2418 1711 2520 adspe

832 2547 960 2625 uoque
979 2521 1075 2597 inter
1093 2519 1271 2593 nostrates
1295 2515 1538 2620 disceptatum
1564 2521 1618 2600 est
1650 2539 1689 2600 et

804 2649 825 2703 a
869 2644 1024 2722 »traque
1039 2639 1140 2720 parre
1164 2617 1263 2696 edito
1285 2617 1382 2698 sunt.

916 2727 1044 2824 Scripta
1056 2722 1253 2796 nostrorum
1268 2723 1527 2819 theologorum,
1542 2747 1619 2826 quae
1633 2723 1674 2799 od
1689 2724 1711 2800 li

854 2829 988 2918 tinent,
1015 2824 1115 2970 sppro
1136 2827 1321 2970 enprraui,
1354 2849 1464 2926 quum
1493 2824 1538 2899 de
1562 2823 1711 2903 formula
